2846 4869
495 311 608 412 28⁶6
932 354 992 411 c,
1036 354 1275 412 Pmm
1315 354 1511 414 ms‘r.
1554 355 1721 415 ΜΤ.
1764 358 1903 430 ΠΒ,
1934 357 2117 414 xxv.
2177 435 2184 448 s

1154 539 1155 542 Ἴ
1205 557 1430 628 Quibus
1458 576 1576 613 non
1604 556 1875 646 dandum.

460 775 495 790 κ
592 750 810 818 XXV.
849 752 1099 820 Vetant
1137 749 1283 819 dari
1322 751 1590 821 senibus
1626 766 1694 823 et
1728 752 1952 847 pueris
1988 777 2005 820 ε
2051 752 2211 821 item
2248 751 2459 821 mollis
2490 777 2561 823 ac

497 892 769 961 feminei
804 893 1102 986 corporis
1133 893 1421 963 animive
1442 945 1461 980 ‚
1499 891 1778 963 exilibus
1810 905 1929 963 ant
1960 896 2206 963 teneris
2236 921 2252 962 ε
2287 910 2353 963 et
2387 894 2560 963 femi-

498 1038 600 1106 nis
636 1038 861 1108 minus
905 1060 1108 1132 quam
1155 1038 1335 1108 viris,
1384 1042 1555 1126 Item
1593 1037 1844 1107 timidis
1867 1090 1886 1123 ‚
1938 1052 2055 1107 aut
2101 1038 2157 1106 si
2201 1034 2561 1134 exulcerata

497 1184 631 1253 sint
680 1180 1044 1277 praecordia
1066 1234 1087 1271 ‚
1132 1180 1242 1252 vel
1288 1197 1588 1254 tumeant
1628 1208 1644 1251 t
1693 1183 1966 1252 minime
2016 1183 2407 1278 sanguinem
2461 1208 2561 1252 ex-

498 1327 906 1418 screantibus
929 1378 948 1414 ‚
982 1327 1296 1396 causariis
1337 1326 1442 1396 vel
1480 1327 1684 1396 latere
1705 1380 1723 1415 ‚
1760 1325 1865 1396 vel
1905 1326 2227 1396 faucibus.
2259 1323 2560 1446 (Medetur

497 1485 685 1540 extra
723 1470 1058 1565 corporis,
1101 1453 1563 1565 eruptionibus
1601 1472 1857 1568 pituitae
1890 1496 2042 1552 cum
2080 1472 2365 1567 axungia
2408 1469 2563 1540 salsa

497 1615 739 1711 illitum
776 1641 793 1683 ε
833 1615 996 1685 it'em
1038 1616 1517 1709 suppurationi.
1557 1616 1803 1687 veteri.·
1839 1618 2071 1687 Mures
2123 1616 2409 1710 polentae
2458 1615 2561 1684 ad-

493 1762 777 1830 mixtum
833 1774 1045 1830 necat.
1101 1759 1280 1829 Galli
1333 1761 1605 1854 sagittas
1662 1727 1734 1828 in
1787 1746 2037 1829 venatu
2096 1757 2390 1835 elleboro
2444 1737 2562 1827 tin-

502 1886 669 2001 gunt
690 1958 709 1992 ,
751 1877 1273 1998 circumcisoque
1308 1901 1584 1999 v‘ulnere
1616 1887 2014 1973 teneriorem
2052 1904 2279 1972 sentiri
2307 1928 2559 1973 carnem

498 2050 873 2120 adfirmant.
923 2052 1173 2119 Muscae
1217 2073 1485 2144 quoque
1517 2063 1840 2118 necantur
1872 2045 2032 2125 alboa
2066 2047 2222 2118 trito
2237 2016 2265 2137 -’
2313 2037 2378 2119 et
2419 2074 2556 2119 cum

492 2195 668 2265 lacte
703 2218 950 2289 sparso.
987 2194 1242 2265 Eodem
1277 2210 1344 2266 et
1383 2194 1771 2289 phthiriasis
1807 2169 2218 2290 emendatur.

1305 2992 1659 3055 Mithridatia
1677 3038 1694 3068 ‚
1711 3036 1715 3041 -
1730 3016 1801 3052 11.

540 3269 555 3283 .
595 3175 845 3277 XXVI.
891 3175 959 3246 6.
1012 3175 1149 3270 Ipsi
1200 3173 1578 3271 Mithridati
1626 3152 1941 3243 Cratevas
1982 3168 2333 3266 adscripsit
2374 3191 2555 3237 unam

488 3290 984 3413 'mithridatiam
1016 3335 1342 3390 vocatam.
1378 3320 1553 3417 Huic
1584 3318 1746 3388 folia
1781 3319 1917 3388 duo
1950 3343 1989 3387 a
2027 3318 2251 3399 radice
2298 3313 2554 3385 acantho

504 3463 766 3536 similia.
801 3464 1028 3536 Caulis
1067 3466 1244 3533 inter
1277 3468 1561 3557 utraque
1599 3463 1931 3532 sustinens
1972 3486 2240 3559 roseum
2276 3459 2510 3531 florem.

1067 3849 1398 3921 Scordotis·‚
1436 3849 1556 3906 sive
1596 3847 1895 3918 scordion,
1939 3852 2040 3903 1v.'

605 4033 889 4104 XXVII.
935 4027 1229 4105 Alteram
1271 4030 1552 4097 Lenaeus
1573 4076 1592 4114 ,
1641 4023 1979 4095 scordotin
2001 4074 2020 4111 ,
2060 4022 2196 4092 sive
2236 4016 2549 4102 scordion,
