2846 4869
480 351 549 407 16
907 352 969 409 C.
1015 352 1250 409 PLINII
1291 351 1484 408 HIST.
1531 352 1706 408 NAT.
1749 351 1891 437 LIB.
1943 352 2083 409 XXI
2092 350 2156 408 V.

1326 616 1517 673 Cedro
1536 658 1553 687 ,
1584 636 1726 673 x111.

573 825 693 892 XI.
749 818 1009 893 Cedrus
1067 849 1309 920 magna
1334 878 1354 911 ,
1413 851 1618 919 quam
1679 816 2052 898 cedrelaten
2114 840 2357 895 vocant
2384 879 2403 914 ,
2459 824 2579 895 dat

483 969 700 1062 picem
722 1021 741 1054 ,
779 993 926 1064 quae
966 968 1194 1038 cedria
1234 986 1536 1060 vocatur,
1579 971 1880 1055 dentium
1918 968 2265 1041 doloribus
2307 968 2580 1038 utilissi-

486 1138 684 1183 mam.
727 1114 1002 1209 Frangit
1039 1116 1220 1183 enim
1261 1139 1377 1184 eos
1417 1130 1483 1185 et
1520 1116 1809 1185 extrahit
1842 1141 1859 1185 ε
1896 1114 2164 1185 dolores
2205 1114 2407 1184 sedat.
2451 1115 2586 1182 Ce-

489 1258 593 1329 dri
640 1282 878 1327 succus
925 1284 1007 1328 ex
1053 1284 1133 1327 ea
1183 1257 1800 1352 quomodo'fieret,
1846 1259 2172 1345 diximuS,
2224 1260 2450 1354 magni
2497 1257 2589 1326 ad

487 1401 748 1471 lumina
791 1427 986 1489 usUS,
1030 1404 1100 1469 ni
1141 1404 1344 1497 capiti
1383 1401 1683 1475 dolorem
1726 1403 2018 1472 inferret.
2055 1402 2393 1472 Defuncta
2430 1427 2587 1472 cor-

493 1546 659 1642 pora
698 1548 1087 1642 incorrupta
1127 1549 1283 1633 aevis
1327 1563 1585 1635 servat,
1629 1548 1918 1618 viventia
1958 1550 2378 1643 corrumpit:
2417 1549 2593 1617 mira

495 1692 900 1782 differentia,
940 1717 1150 1787 quum
1197 1694 1403 1762 vitam
1446 1693 1710 1763 auferat
1748 1695 2181 1789 spirantibus,
2221 1693 2592 1781 defunctis·—

495 1861 625 1929 que
661 1861 791 1930 pro
837 1838 975 1905 vita
1012 1838 1115 1905 sit.
1146 1839 1383 1907 Vestes
1423 1860 1692 1931 quoque
1724 1839 2137 1933 corrumpit,
2172 1853 2240 1908 et
2281 1837 2602 1908 animalia

501 1996 717 2050 necat.
780 1982 889 2050 Ob
940 1979 1082 2049 haec
1136 2006 1275 2050 non
1332 2005 1637 2050 censeam
1687 1982 1771 2049 in.
1809 1983 2071 2076 anginis
2123 1982 2254 2052 hoc
2298 1976 2598 2051 remedio

503 2120 830 2195 utendum
870 2151 886 2193 τ
931 2151 1148 2219 neque
1189 2127 1259 2230 in
1297 2127 1780 2214 cruditatibus,
1825 2127 2007 2220 quod
2045 2152 2309 2197 suasere
2349 2126 2599 2222 aliqm,

510 2284 728 2365 gustu.
780 2272 1034 2340 Dentes
1086 2250 1354 2366 quoque
1399 2270 1695 2341 colluere
1744 2295 1827 2339 ex
1872 2286 2059 2343 aceto
2106 2274 2176 2340 in
2224 2271 2455 2341 dolore
2506 2273 2602 2340 ti-

508 2417 835 2505 muerim,
884 2415 1015 2492 vele
1036 2418 1348 2512 gravitati
1390 2431 1507 2487 aut
1555 2416 1891 2486 vermibus
1917 2418 2199 2518 ²aurium
2250 2415 2599 2487 instillare.

513 2565 910 2650 Portentum
955 2577 1085 2649 est,
1121 2562 1302 2656 quod
1346 2562 1623 2666 tradunt
1649 2613 1668 2649 ,
1725 2559 2105 2631 abortivum
2158 2538 2305 2631 fieri
2352 2566 2422 2630 in
2468 2567 2610 2633 Ve-

516 2731 676 2798 nere
699 2760 718 2793 ,
763 2722 920 2776 ante
959 2706 1227 2801 perfusa
1267 2704 1603 2775 ririlitate.
1650 2707 2056 2776 Phthiriases
2105 2673 2483 2802 perungere
2523 2730 2611 2776 eo

514 2878 650 2921 non
700 2852 1185 2941 dubitaverim,
1237 2854 1398 2921 item
1451 2853 1846 2947 porrigines.
1899 2851 2198 2922 Suadent
2249 2866 2315 2921 et
2371 2868 2612 2921 contra

517 3019 847 3067 venenum
905 2994 1149 3091 leporis
1205 2996 1451 3100 marini
1504 2996 1731 3065 bibere
1786 2998 1856 3064 in
1913 3021 2126 3090 passo.
2184 2994 2472 3065 Facilius
2537 2998 2612 3065 in

521 3142 951 3237 elephantiasi
992 3115 1282 3211 illinunt.
1322 3139 1412 3210 Et
1455 3138 1679 3210 ulcera
1727 3137 1994 3209 sordida
2042 3156 2110 3210 et
2158 3121 2616 3225 excrescentia

520 3289 591 3358 in
640 3290 718 3356 iis
763 3303 1067 3357 auctores
1119 3287 1434 3382 quidam,
1485 3302 1555 3356 et
1599 3284 1949 3356 oculorum
1993 3284 2339 3380 albugines
2380 3282 2617 3380 caligi-

525 3457 772 3526 nesque
822 3434 1144 3503 inunxere
1190 3457 1270 3501 eo
1325 3458 1340 3500 :
1394 3446 1463 3500 et
1513 3446 1750 3502 contra
1801 3428 2137 3524 pulmonis
2188 3429 2412 3500 ulcera
2460 3456 2618 3525 cya-

527 3580 718 3647 thum
750 3581 893 3673 ejus
926 3578 1194 3648 sorbere
1222 3580 1564 3671 jusserunt
1592 3603 1607 3644 2
1646 3578 1806 3645 item
1840 3574 2157 3645 adversus
2192 3578 2440 3646 taenias.

622 3873 731 3940 Fit
766 3897 846 3940 ex
880 3897 960 3941 eo
989 3886 1059 3939 et
1089 3867 1344 3958 oleum,
1371 3870 1552 3963 quod
1579 3869 1926 3964 pisselaeon
1951 3882 2227 3954 vocant,
2259 3868 2613 3937 vehemen-

530 4018 721 4085 tioris
785 4016 870 4086 ad
932 4015 1159 4085 omnia
1226 4015 1456 4084 eadem
1518 4040 1695 4083 usuS.
1763 4013 1965 4083 Cedri
2026 4012 2221 4080 scobe
2280 4026 2618 4106 serpentes
