<?xml version="1.0" encoding="UTF-8"?>
<!DOCTYPE html PUBLIC "-//W3C//DTD XHTML 1.0 Transitional//EN"
    "http://www.w3.org/TR/xhtml1/DTD/xhtml1-transitional.dtd">
<html xmlns="http://www.w3.org/1999/xhtml" xml:lang="en" lang="en">
 <head>
  <title>
</title>
<meta http-equiv="Content-Type" content="text/html;charset=utf-8" />
  <meta name='ocr-system' content='tesseract 3.04.00' />
  <meta name='ocr-capabilities' content='ocr_page ocr_carea ocr_par ocr_line ocrx_word'/>
</head>
<body>
  <div class='ocr_page' id='page_1' title='image "./histoirenaturel01grangoog_0284.png"; bbox 0 0 2846 4869; ppageno 0'>
   <div class='ocr_carea' id='block_1_1' title="bbox 523 422 2145 493">
    <p class='ocr_par' dir='ltr' id='par_1_1' title="bbox 523 422 2145 493">
     <span class='ocr_line' id='line_1_1' title="bbox 523 422 2145 493; baseline 0.004 -16"><span class='ocrx_word' id='word_1_1' title='bbox 523 427 637 493; x_wconf 76' lang='lat'><strong>274</strong></span> <span class='ocrx_word' id='word_1_2' title='bbox 957 425 1020 480; x_wconf 86' lang='lat' dir='ltr'><strong>c.</strong></span> <span class='ocrx_word' id='word_1_3' title='bbox 1064 423 1297 480; x_wconf 81' lang='lat' dir='ltr'>PL1N11</span> <span class='ocrx_word' id='word_1_4' title='bbox 1338 422 1529 481; x_wconf 78' lang='lat' dir='ltr'><strong>ms&#39;r.</strong></span> <span class='ocrx_word' id='word_1_5' title='bbox 1573 425 1743 482; x_wconf 76' lang='lat' dir='ltr'><strong>NAT.</strong></span> <span class='ocrx_word' id='word_1_6' title='bbox 1789 424 1931 482; x_wconf 79' lang='lat' dir='ltr'><strong>Lm.</strong></span> <span class='ocrx_word' id='word_1_7' title='bbox 1963 423 2145 483; x_wconf 81' lang='lat' dir='ltr'><strong>xxv.</strong></span> 
     </span>
    </p>
   </div>
   <div class='ocr_carea' id='block_1_2' title="bbox 913 643 2224 721">
    <p class='ocr_par' dir='ltr' id='par_1_2' title="bbox 913 643 2224 721">
     <span class='ocr_line' id='line_1_2' title="bbox 913 643 2224 721; baseline 0 -21"><span class='ocrx_word' id='word_1_8' title='bbox 913 643 1180 714; x_wconf 81' lang='lat' dir='ltr'>Teucria,</span> <span class='ocrx_word' id='word_1_9' title='bbox 1207 645 1327 702; x_wconf 83' lang='lat' dir='ltr'><strong>sive</strong></span> <span class='ocrx_word' id='word_1_10' title='bbox 1350 643 1646 715; x_wconf 87' lang='lat' dir='ltr'><strong>hemione,</strong></span> <span class='ocrx_word' id='word_1_11' title='bbox 1677 644 1797 703; x_wconf 79' lang='lat' dir='ltr'><strong>sive</strong></span> <span class='ocrx_word' id='word_1_12' title='bbox 1832 646 2081 721; x_wconf 87' lang='lat' dir='ltr'><strong>splenios</strong></span> <span class='ocrx_word' id='word_1_13' title='bbox 2099 686 2117 716; x_wconf 92' lang='lat'><strong>,</strong></span> <span class='ocrx_word' id='word_1_14' title='bbox 2154 664 2224 701; x_wconf 86' lang='lat'><strong>11.</strong></span> 
     </span>
    </p>
   </div>
   <div class='ocr_carea' id='block_1_3' title="bbox 508 835 2648 2373">
    <p class='ocr_par' dir='ltr' id='par_1_3' title="bbox 508 835 2648 2373">
     <span class='ocr_line' id='line_1_3' title="bbox 621 835 2594 932; baseline 0.001 -27"><span class='ocrx_word' id='word_1_15' title='bbox 621 837 789 905; x_wconf 81' lang='lat' dir='ltr'><strong>XX.&#39;</strong></span> <span class='ocrx_word' id='word_1_16' title='bbox 813 838 1077 906; x_wconf 82' lang='lat' dir='ltr'><strong>Invenit</strong></span> <span class='ocrx_word' id='word_1_17' title='bbox 1112 852 1180 906; x_wconf 91' lang='lat' dir='ltr'><strong>et</strong></span> <span class='ocrx_word' id='word_1_18' title='bbox 1213 840 1472 907; x_wconf 86' lang='lat' dir='ltr'><strong>Teucer</strong></span> <span class='ocrx_word' id='word_1_19' title='bbox 1508 835 1742 922; x_wconf 78' lang='lat' dir='ltr'><strong>eadem</strong></span> <span class='ocrx_word' id='word_1_20' title='bbox 1781 850 1974 906; x_wconf 74' lang='lat' dir='ltr'><strong>aetate</strong></span> <span class='ocrx_word' id='word_1_21' title='bbox 2024 836 2325 932; x_wconf 74' lang='lat' dir='ltr'><strong>teneriori</strong></span> <span class='ocrx_word' id='word_1_22' title='bbox 2348 889 2367 923; x_wconf 88' lang='lat'>‚</span> <span class='ocrx_word' id='word_1_23' title='bbox 2407 861 2594 930; x_wconf 88' lang='lat' dir='ltr'><strong>quam</strong></span> 
     </span>
     <span class='ocr_line' id='line_1_4' title="bbox 522 979 2592 1076; baseline 0 -27"><span class='ocrx_word' id='word_1_24' title='bbox 522 979 794 1074; x_wconf 85' lang='lat' dir='ltr'><strong>quidam</strong></span> <span class='ocrx_word' id='word_1_25' title='bbox 836 979 1221 1049; x_wconf 84' lang='lat' dir='ltr'>hemionion</span> <span class='ocrx_word' id='word_1_26' title='bbox 1267 993 1551 1069; x_wconf 81' lang='lat' dir='ltr'><strong>vocant,</strong></span> <span class='ocrx_word' id='word_1_27' title='bbox 1589 994 2011 1076; x_wconf 84' lang='lat' dir='ltr'><strong>spargentem</strong></span> <span class='ocrx_word' id='word_1_28' title='bbox 2055 980 2298 1073; x_wconf 72' lang='lat' dir='ltr'><strong>juncos</strong></span> <span class='ocrx_word' id='word_1_29' title='bbox 2335 994 2592 1067; x_wconf 82' lang='lat' dir='ltr'><strong>tenues,</strong></span> 
     </span>
     <span class='ocr_line' id='line_1_5' title="bbox 523 1121 2648 1221; baseline 0 -28"><span class='ocrx_word' id='word_1_30' title='bbox 523 1124 684 1194; x_wconf 84' lang='lat' dir='ltr'><strong>folia</strong></span> <span class='ocrx_word' id='word_1_31' title='bbox 731 1148 935 1219; x_wconf 85' lang='lat' dir='ltr'><strong>parva</strong></span> <span class='ocrx_word' id='word_1_32' title='bbox 957 1175 977 1208; x_wconf 85' lang='lat'>,</span> <span class='ocrx_word' id='word_1_33' title='bbox 1023 1124 1272 1221; x_wconf 86' lang='lat' dir='ltr'><strong>asperis</strong></span> <span class='ocrx_word' id='word_1_34' title='bbox 1321 1121 1487 1195; x_wconf 89' lang='lat' dir='ltr'><strong>locis</strong></span> <span class='ocrx_word' id='word_1_35' title='bbox 1542 1137 1919 1193; x_wconf 86' lang='lat' dir='ltr'><strong>nascentem</strong></span> <span class='ocrx_word' id='word_1_36' title='bbox 1941 1174 1960 1211; x_wconf 87' lang='lat'><strong><em>‚</em></strong></span> <span class='ocrx_word' id='word_1_37' title='bbox 2012 1135 2279 1195; x_wconf 83' lang='lat' dir='ltr'><strong>austero</strong></span> <span class='ocrx_word' id='word_1_38' title='bbox 2328 1148 2593 1220; x_wconf 87' lang='lat' dir='ltr'><strong>sapore,</strong></span> <span class='ocrx_word' id='word_1_39' title='bbox 2634 1130 2648 1144; x_wconf 84' lang='lat'><strong><em>‘</em></strong></span> 
     </span>
     <span class='ocr_line' id='line_1_6' title="bbox 523 1265 2595 1363; baseline -0.001 -25"><span class='ocrx_word' id='word_1_40' title='bbox 523 1291 890 1363; x_wconf 84' lang='lat' dir='ltr'>numquam</span> <span class='ocrx_word' id='word_1_41' title='bbox 956 1265 1303 1337; x_wconf 88' lang='lat' dir='ltr'><strong>florentem</strong></span> <span class='ocrx_word' id='word_1_42' title='bbox 1361 1293 1378 1337; x_wconf 72' lang='grc' dir='ltr'><strong><em>ι</em></strong></span> <span class='ocrx_word' id='word_1_43' title='bbox 1446 1290 1660 1361; x_wconf 90' lang='lat' dir='ltr'><strong>neque</strong></span> <span class='ocrx_word' id='word_1_44' title='bbox 1721 1291 1946 1350; x_wconf 90' lang='lat' dir='ltr'><strong>semen</strong></span> <span class='ocrx_word' id='word_1_45' title='bbox 2007 1267 2242 1361; x_wconf 85' lang='lat' dir='ltr'><strong>gignit.</strong></span> <span class='ocrx_word' id='word_1_46' title='bbox 2297 1266 2595 1336; x_wconf 85' lang='lat' dir='ltr'><strong>Medetur</strong></span> 
     </span>
     <span class='ocr_line' id='line_1_7' title="bbox 519 1412 2598 1513; baseline 0 -30"><span class='ocrx_word' id='word_1_47' title='bbox 519 1412 823 1484; x_wconf 73' lang='lat' dir='ltr'><strong>lienibus,</strong></span> <span class='ocrx_word' id='word_1_48' title='bbox 878 1416 1289 1509; x_wconf 82' lang='lat' dir='ltr'><strong>Constatque</strong></span> <span class='ocrx_word' id='word_1_49' title='bbox 1335 1413 1430 1484; x_wconf 88' lang='lat' dir='ltr'><strong>sie</strong></span> <span class='ocrx_word' id='word_1_50' title='bbox 1481 1414 1821 1484; x_wconf 87' lang='lat' dir='ltr'><strong>inventam</strong></span> <span class='ocrx_word' id='word_1_51' title='bbox 1876 1439 1892 1481; x_wconf 73' lang='grc' dir='ltr'><em>τ</em></span> <span class='ocrx_word' id='word_1_52' title='bbox 1945 1438 2155 1507; x_wconf 91' lang='lat' dir='ltr'><strong>quum</strong></span> <span class='ocrx_word' id='word_1_53' title='bbox 2207 1427 2370 1513; x_wconf 43' lang='lat' dir='ltr'><strong>exta.</strong></span> <span class='ocrx_word' id='word_1_54' title='bbox 2407 1438 2598 1508; x_wconf 80' lang='lat' dir='ltr'><strong>super</strong></span> 
     </span>
     <span class='ocr_line' id='line_1_8' title="bbox 520 1521 2595 1652; baseline -0 -25"><span class='ocrx_word' id='word_1_55' title='bbox 520 1580 668 1627; x_wconf 89' lang='lat' dir='ltr'><strong>eam</strong></span> <span class='ocrx_word' id='word_1_56' title='bbox 725 1557 1024 1652; x_wconf 81' lang='lat' dir='ltr'><strong>projecta</strong></span> <span class='ocrx_word' id='word_1_57' title='bbox 1069 1570 1326 1643; x_wconf 83' lang='lat' dir='ltr'><strong>essent,</strong></span> <span class='ocrx_word' id='word_1_58' title='bbox 1381 1554 1734 1626; x_wconf 85' lang='lat' dir='ltr'><strong>adhaesisse</strong></span> <span class='ocrx_word' id='word_1_59' title='bbox 1791 1555 1989 1644; x_wconf 87' lang='lat' dir='ltr'><strong>lieni,</strong></span> <span class='ocrx_word' id='word_1_60' title='bbox 2039 1580 2328 1650; x_wconf 90' lang='lat' dir='ltr'><strong>eumque</strong></span> <span class='ocrx_word' id='word_1_61' title='bbox 2377 1521 2595 1627; x_wconf 75' lang='lat' dir='ltr'><strong>exina-</strong></span> 
     </span>
     <span class='ocr_line' id='line_1_9' title="bbox 518 1696 2598 1797; baseline -0 -27"><span class='ocrx_word' id='word_1_62' title='bbox 518 1701 714 1770; x_wconf 89' lang='lat' dir='ltr'><strong>nisse.</strong></span> <span class='ocrx_word' id='word_1_63' title='bbox 769 1700 878 1769; x_wconf 91' lang='lat' dir='ltr'><strong>Ob</strong></span> <span class='ocrx_word' id='word_1_64' title='bbox 934 1699 1004 1769; x_wconf 86' lang='lat' dir='ltr'><strong>id</strong></span> <span class='ocrx_word' id='word_1_65' title='bbox 1051 1724 1090 1768; x_wconf 91' lang='lat' dir='ltr'><strong>a</strong></span> <span class='ocrx_word' id='word_1_66' title='bbox 1140 1696 1541 1795; x_wconf 68' lang='lat' dir='ltr'><strong>quibuisdam</strong></span> <span class='ocrx_word' id='word_1_67' title='bbox 1593 1698 1924 1793; x_wconf 87' lang='lat' dir='ltr'><strong>splenion·</strong></span> <span class='ocrx_word' id='word_1_68' title='bbox 1955 1713 2253 1769; x_wconf 87' lang='lat' dir='ltr'><strong>vocatur.</strong></span> <span class='ocrx_word' id='word_1_69' title='bbox 2306 1702 2598 1797; x_wconf 82' lang='lat' dir='ltr'><strong>Narrant</strong></span> 
     </span>
     <span class='ocr_line' id='line_1_10' title="bbox 519 1811 2593 1941; baseline 0 -26"><span class='ocrx_word' id='word_1_70' title='bbox 519 1870 666 1916; x_wconf 90' lang='lat' dir='ltr'><strong>sues</strong></span> <span class='ocrx_word' id='word_1_71' title='bbox 691 1901 710 1934; x_wconf 89' lang='lat'>‚</span> <span class='ocrx_word' id='word_1_72' title='bbox 742 1811 881 1941; x_wconf 21' lang='lat' dir='ltr'><strong>‘qui</strong></span> <span class='ocrx_word' id='word_1_73' title='bbox 931 1843 1220 1915; x_wconf 83' lang='lat' dir='ltr'><strong>radicem</strong></span> <span class='ocrx_word' id='word_1_74' title='bbox 1272 1845 1414 1939; x_wconf 89' lang='lat' dir='ltr'><strong>ejus</strong></span> <span class='ocrx_word' id='word_1_75' title='bbox 1469 1843 1772 1931; x_wconf 85' lang='lat' dir='ltr'><strong>ederint,</strong></span> <span class='ocrx_word' id='word_1_76' title='bbox 1826 1846 1967 1914; x_wconf 88' lang='lat' dir='ltr'><strong>sine</strong></span> <span class='ocrx_word' id='word_1_77' title='bbox 2005 1843 2248 1937; x_wconf 88' lang='lat' dir='ltr'><strong>splene</strong></span> <span class='ocrx_word' id='word_1_78' title='bbox 2296 1834 2593 1916; x_wconf 65' lang='lat' dir='ltr'><strong>inveniri]</strong></span> 
     </span>
     <span class='ocr_line' id='line_1_11' title="bbox 518 1983 2596 2084; baseline 0 -24"><span class='ocrx_word' id='word_1_79' title='bbox 518 1991 814 2081; x_wconf 86' lang='lat' dir='ltr'><strong>Quidam</strong></span> <span class='ocrx_word' id='word_1_80' title='bbox 859 1991 1062 2060; x_wconf 89' lang='lat' dir='ltr'><strong>ramis</strong></span> <span class='ocrx_word' id='word_1_81' title='bbox 1112 1983 1379 2084; x_wconf 82' lang='lat' dir='ltr'><strong>hyssopi</strong></span> <span class='ocrx_word' id='word_1_82' title='bbox 1427 1986 1839 2059; x_wconf 81' lang='lat' dir='ltr'><strong>surculosam</strong></span> <span class='ocrx_word' id='word_1_83' title='bbox 1863 2042 1883 2077; x_wconf 90' lang='lat'>,</span> <span class='ocrx_word' id='word_1_84' title='bbox 1929 1989 2088 2059; x_wconf 87' lang='lat' dir='ltr'><strong>folio</strong></span> <span class='ocrx_word' id='word_1_85' title='bbox 2128 1989 2295 2059; x_wconf 81' lang='lat' dir='ltr'><strong>fabae</strong></span> <span class='ocrx_word' id='word_1_86' title='bbox 2317 2043 2337 2080; x_wconf 85' lang='lat'>,</span> <span class='ocrx_word' id='word_1_87' title='bbox 2375 1990 2596 2060; x_wconf 90' lang='lat' dir='ltr'><strong>eodem</strong></span> 
     </span>
     <span class='ocr_line' id='line_1_12' title="bbox 508 2131 2592 2229; baseline 0.002 -31"><span class='ocrx_word' id='word_1_88' title='bbox 508 2136 790 2206; x_wconf 83' lang='lat' dir='ltr'><strong>nomine</strong></span> <span class='ocrx_word' id='word_1_89' title='bbox 827 2131 1209 2229; x_wconf 86' lang='lat' dir='ltr'><strong>appellant,</strong></span> <span class='ocrx_word' id='word_1_90' title='bbox 1251 2147 1321 2202; x_wconf 90' lang='lat' dir='ltr'><strong>et</strong></span> <span class='ocrx_word' id='word_1_91' title='bbox 1363 2131 1591 2229; x_wconf 84' lang='lat' dir='ltr'>colligi</span> <span class='ocrx_word' id='word_1_92' title='bbox 1637 2133 1985 2204; x_wconf 86' lang='lat' dir='ltr'><strong>florentem</strong></span> <span class='ocrx_word' id='word_1_93' title='bbox 2037 2133 2260 2204; x_wconf 87' lang='lat' dir='ltr'><strong>adhue</strong></span> <span class='ocrx_word' id='word_1_94' title='bbox 2305 2135 2543 2228; x_wconf 85' lang='lat' dir='ltr'><strong>jubent</strong></span> <span class='ocrx_word' id='word_1_95' title='bbox 2577 2159 2592 2203; x_wconf 92' lang='lat'><strong>:</strong></span> 
     </span>
     <span class='ocr_line' id='line_1_13' title="bbox 517 2251 2595 2373; baseline -0.001 -24"><span class='ocrx_word' id='word_1_96' title='bbox 517 2251 685 2350; x_wconf 86' lang='lat' dir='ltr'><strong>adeo</strong></span> <span class='ocrx_word' id='word_1_97' title='bbox 735 2278 973 2347; x_wconf 86' lang='lat' dir='ltr'><strong>florere</strong></span> <span class='ocrx_word' id='word_1_98' title='bbox 1022 2302 1161 2345; x_wconf 91' lang='lat' dir='ltr'><strong>non</strong></span> <span class='ocrx_word' id='word_1_99' title='bbox 1212 2275 1526 2347; x_wconf 88' lang='lat' dir='ltr'><strong>dubitant</strong></span> <span class='ocrx_word' id='word_1_100' title='bbox 1570 2303 1587 2346; x_wconf 74' lang='grc' dir='ltr'><strong><em>ε</em></strong></span> <span class='ocrx_word' id='word_1_101' title='bbox 1637 2279 2179 2373; x_wconf 71' lang='lat' dir='ltr'><strong>maximeque-&#39;ex</strong></span> <span class='ocrx_word' id='word_1_102' title='bbox 2231 2278 2486 2349; x_wconf 84' lang='lat' dir='ltr'><strong>Ciliciis</strong></span> <span class='ocrx_word' id='word_1_103' title='bbox 2535 2294 2595 2348; x_wconf 86' lang='lat' dir='ltr'><strong>et</strong></span> 
     </span>
    </p>
   </div>
   <div class='ocr_carea' id='block_1_4' title="bbox 516 2420 1484 2496">
    <p class='ocr_par' dir='ltr' id='par_1_4' title="bbox 516 2420 1484 2496">
     <span class='ocr_line' id='line_1_14' title="bbox 516 2420 1484 2496; baseline -0.006 0"><span class='ocrx_word' id='word_1_104' title='bbox 516 2422 776 2496; x_wconf 79' lang='lat' dir='ltr'><strong>Pisidiae</strong></span> <span class='ocrx_word' id='word_1_105' title='bbox 811 2422 1155 2493; x_wconf 89' lang='lat' dir='ltr'><strong>montibus</strong></span> <span class='ocrx_word' id='word_1_106' title='bbox 1190 2420 1484 2492; x_wconf 84' lang='lat' dir='ltr'><strong>laudant.</strong></span> 
     </span>
    </p>
   </div>
   <div class='ocr_carea' id='block_1_5' title="bbox 555 2974 2558 3167">
    <p class='ocr_par' dir='ltr' id='par_1_5' title="bbox 555 2974 2558 3167">
     <span class='ocr_line' id='line_1_15' title="bbox 555 2974 2558 3060; baseline -0.001 -21"><span class='ocrx_word' id='word_1_107' title='bbox 555 2977 1006 3057; x_wconf 84' lang='lat' dir='ltr'><strong>Melampodium</strong></span> <span class='ocrx_word' id='word_1_108' title='bbox 1023 3024 1040 3053; x_wconf 93' lang='lat'><strong>,</strong></span> <span class='ocrx_word' id='word_1_109' title='bbox 1086 2980 1205 3039; x_wconf 84' lang='lat' dir='ltr'><strong>sive</strong></span> <span class='ocrx_word' id='word_1_110' title='bbox 1246 2974 1564 3040; x_wconf 81' lang='lat' dir='ltr'><strong>elleborum</strong></span> <span class='ocrx_word' id='word_1_111' title='bbox 1579 3025 1596 3053; x_wconf 90' lang='lat'>‚</span> <span class='ocrx_word' id='word_1_112' title='bbox 1643 2984 1801 3060; x_wconf 87' lang='lat' dir='ltr'><strong>quod</strong></span> <span class='ocrx_word' id='word_1_113' title='bbox 1846 2992 2130 3040; x_wconf 83' lang='lat' dir='ltr'><strong>veratrum</strong></span> <span class='ocrx_word' id='word_1_114' title='bbox 2147 3024 2165 3052; x_wconf 93' lang='lat'><strong>,</strong></span> <span class='ocrx_word' id='word_1_115' title='bbox 2214 2998 2428 3058; x_wconf 81' lang='lat' dir='ltr'><strong>genera</strong></span> <span class='ocrx_word' id='word_1_116' title='bbox 2464 3000 2558 3038; x_wconf 89' lang='lat'>111.</span> 
     </span>
     <span class='ocr_line' id='line_1_16' title="bbox 878 3080 2304 3167; baseline 0.002 -32"><span class='ocrx_word' id='word_1_117' title='bbox 878 3081 1193 3150; x_wconf 85' lang='lat' dir='ltr'><strong>Quomodo</strong></span> <span class='ocrx_word' id='word_1_118' title='bbox 1232 3080 1533 3155; x_wconf 76' lang='lat' dir='ltr'><strong>colligatur</strong></span> <span class='ocrx_word' id='word_1_119' title='bbox 1550 3121 1567 3148; x_wconf 92' lang='lat'>,</span> <span class='ocrx_word' id='word_1_120' title='bbox 1604 3080 1910 3153; x_wconf 81' lang='lat' dir='ltr'><strong>quomodo·</strong></span> <span class='ocrx_word' id='word_1_121' title='bbox 1932 3080 2225 3154; x_wconf 83' lang='lat' dir='ltr'><strong>probetur.</strong></span> <span class='ocrx_word' id='word_1_122' title='bbox 2297 3166 2304 3167; x_wconf 16' lang='lat' dir='ltr'><em>V</em></span> 
     </span>
    </p>
   </div>
   <div class='ocr_carea' id='block_1_6' title="bbox 511 3271 2588 4063">
    <p class='ocr_par' dir='ltr' id='par_1_6' title="bbox 511 3271 2588 4063">
     <span class='ocr_line' id='line_1_17' title="bbox 613 3271 2587 3368; baseline -0.002 -26"><span class='ocrx_word' id='word_1_123' title='bbox 613 3282 794 3342; x_wconf 56' lang='lat' dir='ltr'><strong>AM.</strong></span> <span class='ocrx_word' id='word_1_124' title='bbox 835 3272 1279 3368; x_wconf 82' lang='lat' dir='ltr'><strong>Melampodis</strong></span> <span class='ocrx_word' id='word_1_125' title='bbox 1324 3272 1501 3343; x_wconf 86' lang='lat' dir='ltr'><strong>fama</strong></span> <span class='ocrx_word' id='word_1_126' title='bbox 1537 3271 1967 3345; x_wconf 85' lang='lat' dir='ltr'><strong>divinationis</strong></span> <span class='ocrx_word' id='word_1_127' title='bbox 2002 3275 2256 3345; x_wconf 85' lang='lat' dir='ltr'><strong>artibus</strong></span> <span class='ocrx_word' id='word_1_128' title='bbox 2287 3288 2452 3345; x_wconf 83' lang='lat' dir='ltr'><strong>nota</strong></span> <span class='ocrx_word' id='word_1_129' title='bbox 2480 3287 2587 3341; x_wconf 89' lang='lat' dir='ltr'><strong>est.</strong></span> 
     </span>
     <span class='ocr_line' id='line_1_18' title="bbox 511 3392 2586 3509; baseline -0.002 -29"><span class='ocrx_word' id='word_1_130' title='bbox 511 3411 615 3480; x_wconf 87' lang='lat' dir='ltr'><strong>Ab</strong></span> <span class='ocrx_word' id='word_1_131' title='bbox 660 3392 790 3479; x_wconf 84' lang='lat' dir='ltr'><strong>hoe</strong></span> <span class='ocrx_word' id='word_1_132' title='bbox 826 3409 1200 3504; x_wconf 87' lang='lat' dir='ltr'><strong>appellatur</strong></span> <span class='ocrx_word' id='word_1_133' title='bbox 1241 3433 1456 3480; x_wconf 91' lang='lat' dir='ltr'><strong>unum</strong></span> <span class='ocrx_word' id='word_1_134' title='bbox 1502 3409 1778 3480; x_wconf 89' lang='lat' dir='ltr'><strong>ellebori</strong></span> <span class='ocrx_word' id='word_1_135' title='bbox 1827 3436 2035 3508; x_wconf 87' lang='lat' dir='ltr'><strong>genus</strong></span> <span class='ocrx_word' id='word_1_136' title='bbox 2080 3411 2586 3509; x_wconf 86' lang='lat' dir='ltr'><strong>melampodion.</strong></span> 
     </span>
     <span class='ocr_line' id='line_1_19' title="bbox 511 3534 2586 3645; baseline -0.001 -29"><span class='ocrx_word' id='word_1_137' title='bbox 511 3544 736 3641; x_wconf 85' lang='lat' dir='ltr'><strong>Aliqui</strong></span> <span class='ocrx_word' id='word_1_138' title='bbox 757 3560 1099 3645; x_wconf 77' lang='lat' dir='ltr'><strong>pastorem</strong></span> <span class='ocrx_word' id='word_1_139' title='bbox 1120 3547 1354 3617; x_wconf 89' lang='lat' dir='ltr'><strong>eodem</strong></span> <span class='ocrx_word' id='word_1_140' title='bbox 1379 3549 1654 3619; x_wconf 88' lang='lat' dir='ltr'><strong>nomine</strong></span> <span class='ocrx_word' id='word_1_141' title='bbox 1681 3534 2009 3619; x_wconf 82' lang='lat' dir='ltr'><strong>invenisse</strong></span> <span class='ocrx_word' id='word_1_142' title='bbox 2038 3546 2345 3636; x_wconf 72' lang='lat' dir='ltr'><strong>tradunt,</strong></span> <span class='ocrx_word' id='word_1_143' title='bbox 2371 3568 2586 3641; x_wconf 84' lang='lat' dir='ltr'><strong>capras</strong></span> 
     </span>
     <span class='ocr_line' id='line_1_20' title="bbox 512 3654 2588 3781; baseline -0.003 -27"><span class='ocrx_word' id='word_1_144' title='bbox 512 3686 785 3780; x_wconf 85' lang='lat' dir='ltr'><strong>purgari</strong></span> <span class='ocrx_word' id='word_1_145' title='bbox 810 3701 1004 3781; x_wconf 89' lang='lat' dir='ltr'><strong>pasto</strong></span> <span class='ocrx_word' id='word_1_146' title='bbox 1030 3685 1145 3757; x_wconf 89' lang='lat' dir='ltr'><strong>illo</strong></span> <span class='ocrx_word' id='word_1_147' title='bbox 1160 3654 1810 3756; x_wconf 48' lang='lat' dir='ltr'><strong>‘animadxssertentem</strong></span> <span class='ocrx_word' id='word_1_148' title='bbox 1825 3737 1843 3771; x_wconf 90' lang='lat'><strong>,</strong></span> <span class='ocrx_word' id='word_1_149' title='bbox 1864 3678 2154 3779; x_wconf 87' lang='lat' dir='ltr'><strong>datoque</strong></span> <span class='ocrx_word' id='word_1_150' title='bbox 2178 3683 2351 3754; x_wconf 87' lang='lat' dir='ltr'><strong>lacte</strong></span> <span class='ocrx_word' id='word_1_151' title='bbox 2375 3706 2588 3754; x_wconf 86' lang='lat' dir='ltr'><strong>earum</strong></span> 
     </span>
     <span class='ocr_line' id='line_1_21' title="bbox 512 3798 2581 3917; baseline -0.003 -23"><span class='ocrx_word' id='word_1_152' title='bbox 512 3847 778 3894; x_wconf 89' lang='lat' dir='ltr'><strong>sanasse</strong></span> <span class='ocrx_word' id='word_1_153' title='bbox 803 3824 1130 3894; x_wconf 86' lang='lat' dir='ltr'><strong>Proetidas</strong></span> <span class='ocrx_word' id='word_1_154' title='bbox 1160 3825 1477 3905; x_wconf 53' lang='lat' dir='ltr'><strong>{urentes</strong></span> <span class='ocrx_word' id='word_1_155' title='bbox 1507 3823 1967 3917; x_wconf 86' lang='lat' dir='ltr'><strong>Quamobrem</strong></span> <span class='ocrx_word' id='word_1_156' title='bbox 1996 3822 2078 3893; x_wconf 91' lang='lat' dir='ltr'><strong>de</strong></span> <span class='ocrx_word' id='word_1_157' title='bbox 2109 3819 2425 3900; x_wconf 83' lang='lat' dir='ltr'><strong>omnibus</strong></span> <span class='ocrx_word' id='word_1_158' title='bbox 2455 3798 2581 3913; x_wconf 83' lang='lat' dir='ltr'><strong>ejus</strong></span> 
     </span>
     <span class='ocr_line' id='line_1_22' title="bbox 515 3954 2584 4063; baseline -0.001 -36"><span class='ocrx_word' id='word_1_159' title='bbox 515 3960 868 4063; x_wconf 82' lang='lat' dir='ltr'><strong>generibus</strong></span> <span class='ocrx_word' id='word_1_160' title='bbox 907 3958 1040 4029; x_wconf 87' lang='lat' dir='ltr'><strong>diei</strong></span> <span class='ocrx_word' id='word_1_161' title='bbox 1089 3957 1286 4029; x_wconf 85' lang='lat' dir='ltr'><strong>simul</strong></span> <span class='ocrx_word' id='word_1_162' title='bbox 1320 3962 1653 4030; x_wconf 81' lang='lat' dir='ltr'><strong>convenit.</strong></span> <span class='ocrx_word' id='word_1_163' title='bbox 1688 3962 1915 4031; x_wconf 85' lang='lat' dir='ltr'><strong>Prima</strong></span> <span class='ocrx_word' id='word_1_164' title='bbox 1952 3959 2090 4031; x_wconf 91' lang='lat' dir='ltr'><strong>duo</strong></span> <span class='ocrx_word' id='word_1_165' title='bbox 2111 3977 2290 4043; x_wconf 63' lang='lat' dir='ltr'><strong>,sunt</strong></span> <span class='ocrx_word' id='word_1_166' title='bbox 2309 4013 2331 4048; x_wconf 91' lang='lat'>‚</span> <span class='ocrx_word' id='word_1_167' title='bbox 2371 3954 2584 4030; x_wconf 77' lang='lat' dir='ltr'><strong>candi·</strong></span> 
     </span>
    </p>
   </div>
   <div class='ocr_carea' id='block_1_7' title="bbox 514 4093 2579 4194">
    <p class='ocr_par' dir='ltr' id='par_1_7' title="bbox 514 4093 2579 4194">
     <span class='ocr_line' id='line_1_23' title="bbox 514 4093 2579 4194; baseline 0.001 -32"><span class='ocrx_word' id='word_1_168' title='bbox 514 4093 676 4164; x_wconf 91' lang='lat' dir='ltr'><strong>dum</strong></span> <span class='ocrx_word' id='word_1_169' title='bbox 714 4112 785 4166; x_wconf 82' lang='lat' dir='ltr'><strong>et</strong></span> <span class='ocrx_word' id='word_1_170' title='bbox 823 4098 1110 4192; x_wconf 65' lang='lat' dir='ltr'><strong>nigrum„</strong></span> <span class='ocrx_word' id='word_1_171' title='bbox 1152 4100 1298 4168; x_wconf 87' lang='lat' dir='ltr'><strong>Hoc</strong></span> <span class='ocrx_word' id='word_1_172' title='bbox 1340 4098 1675 4169; x_wconf 82' lang='lat' dir='ltr'><strong>radicibus</strong></span> <span class='ocrx_word' id='word_1_173' title='bbox 1707 4108 1969 4170; x_wconf 84' lang='lat' dir='ltr'><strong>tantum</strong></span> <span class='ocrx_word' id='word_1_174' title='bbox 2002 4098 2281 4194; x_wconf 83' lang='lat' dir='ltr'><strong>intelligi</strong></span> <span class='ocrx_word' id='word_1_175' title='bbox 2322 4095 2579 4167; x_wconf 84' lang='lat' dir='ltr'><strong>tradunt</strong></span> 
     </span>
    </p>
   </div>
   <div class='ocr_carea' id='block_1_8' title="bbox 2754 2624 2770 3456">
    <p class='ocr_par' dir='ltr' id='par_1_8' title="bbox 2754 2624 2770 3456">
     <span class='ocr_line' id='line_1_24' title="bbox 2754 2624 2770 3456; baseline 0 0"><span class='ocrx_word' id='word_1_176' title='bbox 2754 2624 2770 3456; x_wconf 95' lang='lat' dir='ltr'><strong> </strong></span> 
     </span>
    </p>
   </div>
  </div>
 </body>
</html>
