2846 4869
478 354 592 423 294
898 353 961 407 C.
1002 353 1231 412 PLINII
1271 353 1467 409 HIST.
1511 352 1680 408 NAT.
1723 352 1865 407 LIB.
1896 350 2080 408 XXV.

473 472 657 545 velut
696 475 767 548 in
809 467 1210 574 polyporum
1249 482 1459 550 cirriS.
1508 484 1592 551 Et
1634 504 1874 550 succus
1917 447 2137 547 autem
2177 477 2247 545 in
2289 499 2445 563 usu,
2478 477 2542 542 vi

475 642 732 701 summa
771 621 840 689 in
881 621 1357 718 refrigerando.

1275 947 1583 1017 Gentiana,
1624 965 1770 1002 χιιι.
1871 971 1876 974 ’

574 1139 886 1208 XXXIV.
927 1141 1328 1229 Gentianam
1371 1140 1626 1210 invenit
1659 1140 1946 1250 §entius
1988 1104 2106 1209 rex
2143 1136 2513 1233 Illyriorum
2532 1187 2550 1223 ,

482 1277 730 1376 ubique
763 1297 1144 1352 nascentem
1167 1334 1186 1372 ,
1229 1285 1299 1352 in
1338 1282 1609 1378 Illyrico
1651 1299 1873 1355 tamen
1909 1283 2510 1378 praestantissimam
2533 1332 2552 1368 ‚

483 1425 644 1496 folio
696 1395 939 1497 fraxini
976 1451 992 1494 τ
1033 1424 1148 1495 sed
1198 1427 1658 1522 magnitudine
1695 1426 1976 1497 lactucae'
1997 1479 2015 1515 ‚
2061 1424 2246 1495 caule
2289 1441 2514 1495 tenero
2535 1477 2553 1511 ‚

487 1569 746 1666 pollicis
798 1571 1270 1660 crassitudine,
1325 1597 1487 1642 cavo
1540 1588 1607 1641 et
1661 1572 1845 1642 inani
1867 1626 1886 1659 ‚
1927 1598 2006 1642 ex
2059 1568 2425 1641 intervallis
2462 1570 2557 1638 fo·

481 1715 679 1803 liato,
725 1686 932 1785 trium
966 1684 1325 1809 aliquando
1364 1716 1747 1788 cubitorum
1769 1768 1790 1805 ‚
1820 1715 2044 1785 radice
2078 1714 2257 1784 lenta
2279 1768 2297 1804 ‚
2336 1715 2555 1784 subni-

489 1886 648 1955 gra,
697 1862 839 1929 sine
879 1860 1085 1930 odore
1117 1888 1132 1929 ε
1167 1841 1436 1955 aquosis
1474 1860 1815 1933 montibus
1851 1858 2219 1954 subalpinis
2258 1858 2553 1954 plurima.

487 2010 666 2077 Usus
696 2008 765 2074 in
793 2004 1014 2074 radice
1047 2020 1361 2100 etsucco.
1386 2003 1653 2074 Radicis
1681 2020 1923 2074 natura
1949 2019 2049 2076 est
2075 2002 2555 2089 excalfactoria,

488 2150 605 2222 sed
642 2150 1141 2245 praegnantibus
1174 2174 1312 2217 non
1346 2146 1654 2217 bibenda.

1252 2367 1635 2443 Lysimachia,
1668 2386 1811 2426 v111.

588 2562 871 2631 XXXV.
901 2562 1169 2652 Invenit
1195 2577 1263 2630 et
1298 2561 1734 2659 Lysimachus
1770 2558 2049 2659 herbam
2087 2554 2555 2659 lysimachiam,

491 2727 639 2797 quae
677 2704 762 2771 ab
811 2729 892 2773 eo
932 2714 1182 2774 nomen
1222 2706 1503 2793 retinet,
1550 2703 1878 2774 celebrata
1925 2707 2346 2775 Erasistrato,
2383 2704 2558 2785 Folia

493 2846 693 2915 habet
723 2846 938 2916 salicis
979 2848 1254 2935 viridia,
1297 2849 1528 2919 florem
1571 2874 2027 2943 purpureum,
2069 2848 2421 2940 fruticosa,
2464 2873 2559 2918 ra-

494 2988 694 3060 mulis
726 2994 958 3061 erectis
981 3044 1001 3079 ,
1035 2991 1241 3061 odore
1274 2996 1414 3062 acri
1450 3020 1467 3062 :
1511 2994 1809 3089 gignitur
1840 2994 1911 3062 in
1954 2997 2248 3089 aquosis.
2283 2995 2400 3063 Vis
2431 2996 2558 3088 ejus

494 3149 677 3205 tanta
735 3150 835 3205 est
859 3186 880 3222 ‚
931 3150 1007 3204 ut
1054 3135 1371 3228 jumentis
1419 3134 1958 3232 discordantibus
1997 3099 2164 3232 jugo
2220 3138 2556 3231 imposita,

495 3274 917 3375 asperitatem
957 3277 1285 3350 cohibeat.
1316 3274 1323 3277 ¹

611 3539 941 3609 Artemisia,
979 3539 1098 3598 sive
1132 3532 1451 3615 parthenis,
1491 3542 1610 3596 sive
1637 3541 1833 3615 botrys
1852 3581 1869 3613 ,
1902 3540 2019 3597 sive
2046 3542 2363 3612 ambrosia,
2398 3562 2449 3598 v.

587 3733 905 3821 XXXVI.
942 3732 1260 3802 Mulieres
1299 3757 1566 3827 quoque
1596 3732 1770 3801 hanc
1806 3729 2087 3827 gloriam
2123 3731 2551 3818 adfectavere‚

494 3867 563 3934 in
598 3867 836 3958 quibus
873 3864 1228 3935 Artemisia
1271 3891 1436 3937 uxor
1470 3866 1778 3981 Mausoli
1780 3867 2150 3963 ‚adoptata
2190 3862 2391 3937 herba
2423 3891 2551 3966 quae

495 4018 686 4079 antea
739 4005 1077 4105 parthenis
1132 4005 1515 4085 vocabatur.
1570 4010 1743 4078 Sunt
1759 4010 1894 4101 qui
1943 4008 2026 4077 ab
2077 3972 2414 4102 Artemide
2454 4002 2552 4073 Ili-
