2846 4869
524 382 599 449 64
953 383 1016 440 C.
1056 382 1305 443 PLINII,
1329 381 1523 439 HIST.
1567 382 1741 439 NAT.
1784 383 1922 439 LIB.
1951 383 2190 439 xxlv..

525 511 707 605 poti,
764 512 970 580 tineas
1018 508 1277 607 pellunt
1302 562 1321 596 ‚
1377 512 1447 579 in
1503 534 1636 605 qua
1683 510 2028 579 curatione
2081 508 2296 578 ventri
2346 533 2609 605 quoque

525 655 916 749 imposuisse
975 679 1087 724 eos
1143 653 1323 725 utile·
1361 669 1479 724 est.-
1539 653 1771 724 Ederae
1792 706 1812 742 ‚
1866 678 2069 747 quam
2123 654 2606 750 chrysocarpon

523 796 1033 894 appellavimus,
1060 799 1276 869 baccis
1310 800 1496 869 aurei
1530 797 1774 868 coloris
1810 799 2082 892 viginti,
2111 799 2182 866 in
2213 798 2360 869 vini
2391 813 2605 868 sexta-

521 943 625 1012 rio
662 944 872 1032 tritis,
917 946 1010 1013 ita
1050 957 1128 1013 ut
1161 943 1336 1014 terni
1373 942 1986 1039 cyathi‘potentun
2025 967 2268 1036 aquam
2308 967 2455 1038 quae
2491 967 2609 1013 cu·

525 1101 659 1156 tem
693 1086 1015 1174 subierit‚'
1041 1088 1236 1157 urina
1269 1086 1496 1156 educit
1515 1087 1986 1157 Erasistratus.
2026 1086 2343 1181 Ejusdem
2378 1086 2608 1157 acinos

522 1222 819 1325 quinque
859 1231 1047 1299 tritos
1090 1231 1159 1299 in
1206 1254 1478 1302 rosaceo
1520 1230 1670 1300 oleo
1690 1283 1710 1319 ,
1751 1229 2196 1325 calfactosque
2241 1233 2314 1300 in
2362 1234 2608 1302 cortice

520 1376 778 1470 punici,
804 1372 1149 1444 instillavit
1176 1374 1481 1445 dentium
1505 1374 1720 1445 dolori
1747 1401 1788 1445 a
1814 1377 2145 1445 contraria
2171 1401 2348 1446 aure.
2372 1377 2606 1468 Acini,

519 1517 871 1611 quicroci.
900 1539 1171 1593 succum
1223 1516 1482 1585 habent
1509 1569 1529 1603 ‚
1577 1520 1969 1612 praesumpti
2024 1533 2188 1612 potu
2235 1543 2274 1587 a
2328 1518 2608 1615 crapula

520 1675 698 1731 tutos
737 1674 1057 1756 praestant
1090 1685 1114 1726 „-
1153 1660 1311 1728 item
1359 1660 1752 1755 sanguinem
1795 1676 2207 1731 exscreantes
2231 1712 2251 1748 ‚
2298 1672 2417 1731 aut
2462 1678 2607 1732 tor-

520 1805 807 1875 minibus
858 1803 1259 1873 laborantes.
1310 1803 1542 1873 Ederae
1590 1807 1796 1900 nigrae
1845 1805 2262 1876 candidiores
2303 1809 2606 1902 corymbi

518 1949 697 2043 poti,
737 1947 990 2017 steriles
1030 1949 1228 2016 etiam
1267 1949 1447 2016 viros
1483 1948 1752 2018 faciunt.
1788 1947 2088 2020 Illinitur
2120 1949 2391 2021 decocta
2422 1977 2607 2047 quae-

519 2064 804 2188 cumque
844 2094 915 2161 in
954 2092 1110 2163 vino
1149 2094 1451 2162 omnium
1504 2092 1803 2167 ulcerum
1859 2098 2086 2191 generi
2107 2150 2127 2183 ‚
2177 2098 2437 2167 etiamsi
2491 2123 2608 2168 ca-

518 2235 752 2306 coethe
791 2238 944 2304 sint.
980 2239 1308 2330 Lacryma
1335 2236 1546 2306 ederae
1580 2237 1977 2332 psilothrum
2005 2255 2142 2331 est,
2167 2242 2602 2336 phthiriasin·

519 2403 648 2476 que
699 2377 894 2449 tollit.
949 2377 1101 2450 Flos
1147 2381 1630 2477 cujuscumque
1680 2386 1937 2479 generis
1986 2384 2188 2456 trium
2231 2386 2603 2484 digitorum

515 2540 712 2620 captu
735 2576 755 2610 ,
790 2491 1248 2619 ’dysentericos
1296 2541 1361 2594 et
1412 2525 1636 2595 alvum
1681 2529 1880 2616 etiam
1930 2529 2276 2621 emendat,
2326 2534 2394 2600 in
2440 2535 2608 2604 vino

516 2683 782 2738 austero
815 2669 917 2737 bis
946 2668 1053 2737 die
1088 2682 1308 2761 potus.
1345 2673 1434 2738 Et
1473 2672 1806 2742 ambustis
1833 2671 2118 2743 illinitur
2152 2674 2407 2746 utiliter
2443 2702 2610 2748 cum

520 2838 692 2883 cera.
750 2812 1124 2906 Denigrant
1173 2810 1491 2907 capillum
1547 2817 1864 2910 corymbi.
1917 2819 2186 2889 Radicis
2239 2844 2474 2891 succus
2530 2824 2608 2892 in

515 2972 702 3029 aceto
747 2972 985 3051 potus,
1039 2972 1274 3025 contra
1325 2956 1680 3053 phalangia
1730 2947 2017 3056 prodest.
2064 2965 2280 3058 Hujus
2329 2992 2607 3063 quoque

515 3103 679 3199 ligni
718 3127 871 3171 vase
917 3099 1246 3197 splenicos
1288 3099 1590 3171 bibentes
1632 3108 1852 3175 sanari
1906 3109 2194 3179 invenio.
2239 3114 2325 3184 Et
2370 3091 2608 3184 acinos

516 3264 779 3334 terunt,
830 3272 1131 3339 moxque*
1170 3246 1616 3336 comburunt,
1671 3264 1737 3319 et
1791 3251 1880 3320 ita
1934 3250 2205 3324 illinunt
2251 3257 2553 3328 ambusta
2582 3312 2608 3349 ‚

515 3381 698 3487 prius
749 3391 1015 3487 perfusa
1066 3415 1236 3484 aqua
1286 3389 1518 3459 calida.

506 3884 511 3934 ἱ
605 3881 781 3954 Sunt
829 3888 947 3980 qui
997 3903 1063 3957 et
1106 3891 1403 3962 incidant
1453 3898 1631 3964 succi
1668 3891 1914 3992 gratia,
1949 3925 2159 3996 eoque
2203 3917 2478 3972 utantur
2515 3904 2608 3973 ad

509 4026 738 4100 dentes
778 4055 1003 4101 erosos
1039 4060 1055 4101 z
1096 4034 1448 4130 frangique
1492 4039 1772 4111 tradunt
1795 4094 1814 4131 ‚
1869 4045 2189 4138 proximis
2235 4069 2386 4116 cera
2439 4071 2602 4117 mu·—

2525 4272 2575 4295 'b'
