2846 4869
511 381 625 450 334
941 383 1007 464 C}
1047 379 1285 436 PLINII
1326 377 1519 438 HlsT.
1562 381 1742 437 NAT.
1785 382 1929 437 LIB.
1954 381 2142 438 XXV.

589 571 862 627 Phlomos
881 607 900 637 ,
937 586 1062 642 quae
1088 566 1450 635 verbascum,
1477 566 1596 622 sive
1626 565 1924 641 lychnitis,
1956 565 2078 621 sive
2106 565 2399 640 thryallis,
2437 585 2539 622 xv.

621 765 937 837 LXXIII.
983 761 1399 832 Verbascum
1441 762 1661 830 Graeci
1701 758 2024 854 phlomon
2057 774 2323 829 vocant.
2343 762 2621 830 Genera

517 910 722 981 habet
757 909 975 1004 prima
1012 905 1189 975 duo:
1233 903 1462 975 album
1489 955 1509 993 ‚
1548 906 1619 973 in
1658 929 1794 998 quo
1846 928 1985 973 mas
2030 902 2434 1000 intelligitur
2465 930 2483 973 ε
2521 905 2618 975 al-

528 1072 749 1124 terum
786 1052 1057 1146 nigrum
1084 1101 1105 1137 ‚
1143 1050 1214 1117 in
1254 1072 1389 1144 quo
1423 1049 1692 1118 femina.
1730 1050 2031 1118 Tertium
2063 1073 2272 1143 genus
2311 1074 2459 1119 non
2497 1050 2621 1119 nisi

526 1202 598 1269 in
642 1196 822 1268 silvis
863 1180 1222 1264 inuenitur.
1266 1195 1443 1263 Sunt
1486 1191 1643 1264 folia
1679 1193 1986 1263 brassic'ae
2022 1190 2258 1262 latiora
2289 1245 2309 1279 ‚
2356 1192 2578 1298 pilosa
2600 1246 2619 1281 ,

527 1340 739 1414 caulis
777 1353 1034 1409 erectus
1059 1390 1080 1427 ‚
1115 1335 1391 1407 cubitali
1427 1334 1730 1442 amplior.
1767 1337 2010 1405 Semen
2049 1337 2319 1431 nigrum
2353 1336 2613 1407 inutile.

531 1484 748 1555 Radix
780 1508 915 1553 una
936 1534 956 1573 ‚
989 1480 1426 1551 crassitudine
1455 1479 1669 1575 digiti.
1702 1483 2089 1552 Nascuntur
2126 1496 2193 1550 et
2241 1482 2311 1549 in
2355 1507 2617 1576 campe-

540 1629 811 1718 stribus.
856 1624 1158 1698 Silvestri
1199 1624 1357 1696 folia
1396 1613 1775 1719 elelisphaci
1797 1677 1818 1713 ,
1858 1622 1995 1695 alta
2016 1677 2037 1715 ,
2080 1626 2282 1694 ramis
2322 1623 2615 1720 lignosis.

1362 2065 1686 2124 Phlomides
1701 2108 1717 2137 ‚
1756 2086 1797 2123 1.

635 2246 946 2315 LXXIV.
999 2246 1171 2312 Sunt
1226 2255 1293 2311 et
1329 2241 1706 2338 phlomides
1743 2241 1893 2313 duae
1945 2242 2218 2312 hirsutae
2244 2296 2265 2332 ‚
2315 2243 2619 2313 rotundis

508 2372 717 2450 'foliis
740 2430 759 2468 ‚
795 2378 1102 2449 humiles,
1132 2380 1357 2449 Tertia
1387 2377 1701 2475 lychnitis
1740 2394 2043 2468 vocatur,
2078 2379 2163 2450 ab
2195 2362 2618 2476 aliisssthryal-

542 2517 624 2587 lis
649 2568 668 2605 ,
706 2517 880 2587 foliis
923 2519 1131 2587 ternis
1163 2570 1182 2607 ,
1222 2533 1339 2587 aut
1373 2543 1586 2612 quum
1621 2517 1988 2611 plurimum
2021 2521 2363 2613 quaternis
2387 2571 2408 2608 ,
2446 2546 2616 2590 cras-

543 2657 672 2746 si8‚
711 2656 1204 2752 pinguibusque
1224 2709 1251 2743 2
1280 2617 1368 2724 iad
1405 2655 1832 2727 lucernarum
1878 2655 2137 2726 lumina
2175 2659 2373 2751 aptis.
2421 2661 2621 2729 Aiunt

544 2795 617 2861 in
649 2792 822 2862 foliis
846 2796 1021 2887 ejuS‚
1054 2817 1257 2887 quam
1283 2792 1601 2863 seminam
1633 2793 1953 2884 diximus,
1980 2792 2145 2864 ficus
2175 2797 2455 2869 omnino
2494 2820 2617 2865 non

545 2945 952 3024 putrescere.
972 2931 1316 3025 Distingui
1341 2956 1584 3026 genera
1603 2932 1743 3000 haec
1771 2957 1957 3027 paene
1980 2955 2470 3026 supervacuum
2499 2944 2614 3016 est,

542 3091 756 3160 quum
793 3067 927 3136 sint
974 3068 1202 3137 omnia
1241 3067 1538 3162 ejusdem
1598 3069 1896 3139 effectus.
1953 3072 2211 3140 Contra
2248 3071 2613 3165 scorpiones

526 3192 802 3273 'bibitur
839 3203 1030 3274 radix
1070 3205 1224 3273 cum
1253 3220 1406 3274 ruta
1456 3230 1538 3274 ex
1567 3230 1739 3301 aqua
1762 3256 1783 3295 ‚
1837 3205 2081 3302 magna
2140 3206 2610 3294 amaritudine,

545 3341 665 3409 sed
697 3341 937 3415 effectu
977 3345 1143 3438 pari.

1074 3553 1498 3628 Thelyphonon
1512 3595 1529 3625 ‚
1569 3554 1688 3610 sive
1722 3540 1992 3629 scorpion
2006 3597 2023 3624 ,
2059 3574 2100 3610 1.

644 3727 921 3835 Lxxvf
950 3727 1442 3825 Thelyphonon
1472 3731 1682 3800 herba
1704 3731 1788 3801 ab
1822 3730 1965 3810 aliis
1994 3732 2307 3826 scorpion
2331 3744 2608 3814 vocatur,

548 3881 824 3961 propter
870 3865 1374 3958 similitudinem
1432 3869 1672 3939 radicis
1699 3923 1718 3960 ,
1772 3872 1961 3965 cujus
2014 3884 2201 3940 tactu
2246 3872 2609 3940 moriuntur

478 4058 495 4079 ,
547 4007 955 4099 scorpiones·
990 4009 1223 4100 Itaque
1259 4022 1494 4077 contra
1530 4033 1762 4078 eorum
1802 4009 1970 4078 ictus
2002 4009 2276 4080 bibitur.
2320 4007 2609 4104 Scorpio-
