2846 4869
485 353 598 413 252
912 357 996 418 'C-
1037 356 1271 416 PLINII
1311 357 1508 416 Hls‘r.
1551 352 1725 415 NAT.
1771 360 1915 420 ΠΒ.
1947 345 2132 416 XXV.

485 819 491 831 '
587 821 967 892 Insanabile
1001 822 1087 892 ad
1127 825 1329 892 hosce
1368 848 1581 893 annos
1623 822 1750 892 fuit
1789 822 2009 891 rabidi
2053 823 2237 891 canis
2279 845 2573 905 morsus,

490 992 809 1061 pavorem
845 994 1065 1062 aquae,
1098 978 1432 1064 potusque
1467 968 1687 1039 omnis
1728 968 2029 1038 adferens
2066 968 2314 1036 odium.
2347 969 2578 1061 Nuper

492 1111 840 1206 cujusdam
891 1113 1233 1184 militantis
1275 1115 1347 1183 in
1388 1114 1703 1210 praetorio
1745 1128 1969 1184 mater·
1999 1110 2165 1180 vidit
2203 1112 2272 1179 in
2315 1110 2574 1204 quiete,

491 1270 570 1324 ut
606 1256 902 1325 radicem
938 1255 1254 1326 silvestris
1297 1283 1495 1347 rosae,
1532 1283 1733 1354 quam
1779 1254 2248 1350 cynorrhodon
2292 1269 2574 1343 vocant,

494 1398 864 1469 blanditam
897 1401 1023 1469 sibi
1055 1415 1337 1496 'aspectu
1371 1401 1587 1496 pridie
1625 1403 1693 1469 in
1741 1401 2067 1484 fi·u·tecto·‚
2111 1400 2411 1467 mitteret
2443 1396 2575 1491 filio

491 1542 888 1612 bibendam:
912 1544 982 1611 in
1003 1547 1361 1615 Laeetania
1386 1571 1490 1615 res
1520 1547 1894 1641 gerebatur,
1916 1543 2251 1638 Hispaniae
2274 1545 2578 1637 proxima

494 1701 683 1782 parte
719 1712 735 1754 ε
778 1713 1069 1782 casuque
1123 1690 1403 1777 accidit,
1456 1705 1533 1759 ut
1582 1673 1793 1758 milite
1831 1714 1871 1757 a
1912 1695 2142 1757 morsu
2182 1688 2368 1758 canis
2414 1687 2577 1755 inci-

494 1834 718 1925 piente
755 1858 961 1927 aquas
1006 1859 1470 1929 expavescere,
1513 1834 1975 1928 superveniret
2010 1831 2288 1927 epistola
2327 1832 2581 1901 orantis

491 1991 570 2047 ut
624 1992 889 2073 pareret
923 1976 1233 2071 religioni
1281 2004 1298 2045 ε
1347 1993 1779 2072 servatusque
1825 1992 1924 2047 est
1967 2002 2048 2046 ex
2085 1978 2426 2071 insperato
2446 2028 2467 2064 ,
2516 1990 2575 2044 et

490 2137 719 2217 postea
784 2122 1083 2215 quisquis
1143 2106 1465 2192 auxilium
1527 2123 1738 2192 simile
1794 2121 2095 2192 tentavit.
2158 2121 2341 2192 Alias
2399 2119 2573 2216 apud

487 2284 793 2338 auctores
849 2268 1254 2362 cynorrhodi
1317 2294 1451 2338 una
1505 2268 1832 2338 medicina
1892 2283 2036 2338 erat
2089 2237 2113 2336 :=
2166 2267 2527 2363 spongiolae
2551 2319 2569 2350 ‚

489 2439 637 2508 quae
681 2414 750 2482 in
796 2412 1032 2484 mediis
1072 2416 1276 2512 spinis
1315 2387 1479 2510 ejus
1508 2417 1825 2503 nascitur,
1868 2415 2090 2486 cinere
2144 2440 2298 2483 cum
2335 2412 2569 2500 melle,

487 2557 814 2653 alopecias
861 2562 1099 2654 capitis
1147 2560 1417 2655 expleri.

578 2849 661 2914 In
714 2846 943 2918 eadem
993 2849 1341 2943 provincia
1390 2852 1674 2944 cognovi
1715 2850 1784 2920 in
1825 2873 1985 2943 agro
2034 2848 2314 2942 hospitis
2364 2871 2575 2942 nuper

427 2972 434 2983 ³
483 2991 577 3059 ibi
623 3007 964 3086 repertum
1028 2992 1514 3062 dracunculum
1563 2993 1974 3090 appellatum
2037 2993 2292 3064 caulem
2316 3047 2336 3084 ‚
2379 2984 2575 3091 polli-

482 3137 624 3205 cari
671 3137 1107 3207 crassitudine
1134 3192 1154 3225 ‚
1212 3137 1721 3210 versicoloribus
1788 3142 2173 3235 viperarum
2240 3141 2520 3211 maculis
2551 3191 2570 3226 ,

487 3305 686 3374 quem
724 3281 1025 3352 ferebant
1082 3299 1317 3354 contra
1379 3285 1688 3354 omnium
1745 3309 2006 3353 morsus
2048 3310 2187 3354 esse
2225 3287 2564 3378 remedio:

484 3404 692 3494 alium
714 3479 733 3510 ‚
769 3452 970 3522 quam
1011 3455 1179 3522 quos
1221 3399 1290 3497 in
1325 3429 1536 3524 priori
1568 3427 1910 3498 volumine
1951 3428 2247 3522 ejusdem
2272 3430 2570 3527 ‘nominis

484 3572 771 3643 diximus
799 3599 814 3641 τ
847 3573 961 3642 sed
992 3575 1150 3643 huic
1186 3571 1315 3642 alia
1348 3574 1563 3668 figura
1599 3572 1914 3667 aliudque
1949 3552 2352 3643 miraculum
2390 3599 2569 3644 exse·

481 3720 688 3788 rentis
731 3745 799 3788 se
845 3734 1024 3787 terra
1070 3718 1154 3786 ad
1206 3720 1454 3812 primas
1507 3688 1911 3812 serpentium
1959 3720 2386 3788 vernationes
2409 3772 2429 3807 ‚
2481 3719 2571 3785 bi·

481 3862 702 3957 pedali
746 3863 884 3933 fere
921 3861 1274 3955 altitudine
1296 3915 1315 3952 ,
1356 3889 1720 3967 rursusque
1757 3890 1907 3933 cum
1944 3866 2174 3962 iisdem
2224 3866 2293 3933 in
2328 3864 2567 3935 terram

484 4010 877 4079 condentis:
930 4034 1052 4077 nec
1095 4008 1375 4077 omnino
1427 4008 1761 4078 occultato
1813 4035 1892 4077 eo
1936 4024 2211 4103 apparet
2253 4032 2561 4103 serpens:
