2846 4869
494 366 571 423 80
930 367 996 423 C.
1038 367 1271 426 PLINII
1313 365 1505 424 HIST.
1550 365 1721 422 NAT.
1761 366 1903 422 LIB.
1938 367 2151 424 xxlvss

493 493 812 587 Podagris
853 490 1137 564 illinitur
1175 517 1329 562 cum
1371 494 1579 562 3311113
1619 492 1856 562 farina.
1906 497 2158 588 Purgat
2199 492 2399 562 etiam
2440 493 2588 564 len·-

494 615 739 731 tigines
764 687 784 725 ‚
833 651 899 705 et
949 659 1103 728 quae
1154 619 1642 704 excalfacienda
1692 649 1890 723 sunt,
1943 650 2062 705 aut
2115 659 2323 729 quum
2380 635 2594 706 sudor

496 781 926 878 quaerendus,
960 778 1205 849 illitum
1232 806 1247 850 z
1277 781 1436 850 item
1466 778 1821 850 convulsis.
1846 784 2063 875 Auget
2097 795 2163 849 et
2194 779 2295 849 lac
2319 782 2389 849 in
2424 783 2592 850 vino

494 943 734 1025 potum
765 952 781 995 :
820 928 976 995 item
1019 925 1229 995 radix.
1272 929 1429 1020 Ipsa
1471 926 1681 996 herba
1720 927 1995 996 strumis
2029 951 2182 996 cum
2224 940 2409 996 aceto
2447 925 2588 998 illi-

499 1075 686 1145 nitur
720 1097 736 1141 τ
774 1071 863 1142 ad
894 1071 1134 1140 tussim
1171 1093 1327 1140 cum
1364 1067 1564 1140 melle
1592 1069 1885 1164 prodest.

1438 1544 1671 1620 Cachry.

606 1754 751 1821 Lx.
800 1751 1092 1847 Caehrys
1141 1751 1354 1821 multa
1397 1776 1639 1848 genera
1684 1752 1923 1842 habet,
1951 1731 2055 1821 ¹ut
2103 1750 2432 1836 diximus„
2458 1750 2591 1819 Sed

499 1896 674 1984 haee,
707 1920 851 1990 quae
892 1921 973 1966 ex
1006 1922 1160 1966 rore
1190 1922 1395 1994 supra
1429 1898 1610 1985 dicto
1646 1900 1965 1986 nascitur,
1998 1900 2052 1967 si
2088 1897 2385 1986 fricetur,
2425 1897 2592 1963 resi·

502 2065 666 2110 nosa
703 2055 822 2110 est.
867 2039 1276 2112 Adversatur
1315 2044 1587 2112 venenis
1626 2058 1694 2112 et
1729 2043 2067 2112 venenatis
2089 2096 2110 2130 ‚
2144 2056 2585 2137 praeterquam

500 2184 851 2279 anguibus.
888 2183 1181 2256 Sudores
1211 2200 1468 2274 movet,
1501 2189 1794 2260 tormina
1825 2186 2137 2277 discutit,
2172 2184 2364 2260 lactis
2394 2186 2587 2257 uber·

497 2341 703 2396 tatem
741 2326 916 2397 faci-t.
978 2309 982 2314 ’

1231 2556 1444 2613 sabina
1478 2557 1654 2613 herba
1669 2599 1687 2627 ‚
1725 2578 1828 2616 vu.

600 2764 776 2832 LXI.
818 2764 1040 2833 Herba
1083 2765 1353 2853 sabina,
1385 2768 1631 2862 brathy
1670 2769 1993 2864 appellata
2034 2798 2075 2841 a
2114 2771 2366 2842 Graecis
2412 2771 2586 2839 duo-

498 2929 650 2975 rum
704 2871 1021 3000 generum
1065 2923 1164 2977 est
1198 2934 1213 2977 τ
1258 2908 1468 2979 altera
1515 2914 1816 2982 tamarici
1861 2913 2094 2984 similis
2128 2912 2290 2984 folio
2312 2966 2331 3002 ,
2375 2911 2584 2986 altera

498 3033 835 3147 cupresso.
877 3053 1105 3141 Quare
1148 3022 1422 3150 quidam
1460 3060 1772 3127 creticam
1825 3083 2208 3154 cupressum
2250 3060 2583 3154 dixerunt.

496 3186 560 3264 Α
605 3192 831 3266 multis
874 3199 942 3265 in
991 3197 1250 3268 suffitus
1301 3206 1427 3294 'pt-o
1473 3203 1671 3272 thure
1721 3204 2141 3289 adsumitur:
2192 3208 2262 3274 in
2302 3205 2589 3276 medica-

500 3341 745 3409 mentis
778 3364 936 3410 vero
978 3341 1323 3437 duplicato
1351 3344 1649 3440 pondere
1682 3348 1950 3418 eosdem
1982 3349 2254 3419 effectus
2290 3350 2542 3419 habere
2561 3405 2584 3439 ‚

490 3509 666 3579 quos
713 3472 1096 3567 cinnamum
1121 3539 1140 3576 ,
1184 3489 1491 3559 traditur.

595 3715 1043 3788 *Collectiones
1073 3708 1351 3810 minuit,
1376 3738 1442 3792 et
1468 3746 1701 3794 nomas
1737 3731 2116 3822 compescit.
2147 3729 2328 3800 Illita
2359 3728 2583 3829 ulcera

500 3877 765 3958 purgat.
817 3865 1055 3932 Partus
1102 3880 1442 3952 emortuos
1471 3868 1798 3964 *adposita
1850 3874 2140 3943 extrahit
2161 3927 2180 3963 ‚
2222 3890 2290 3950 et
2326 3875 2580 3946 suffitu.

498 4005 803 4080 illinitur.
833 4007 973 4100 igni
1006 4032 1195 4078 sacro
1238 4023 1308 4079 et
1354 4011 1799 4085 carbunculis
1841 4020 2022 4091 Cum
2070 4017 2380 4090 melleet
2425 4023 2586 4093 vino
