2846 4869
442 373 554 439 344
897 375 961 432 C.
1001 376 1231 431 PLINII
1267 374 1465 432 HIST.
1505 374 1683 430 NAT.
1721 373 1866 430 LIB.
1897 371 2092 427 XXV.

441 501 623 567 nacis
665 501 968 569 omnium
1013 524 1334 595 generum
1373 498 1563 568 radix
1615 482 1685 566 in
1730 496 1878 567 oleo
1914 498 2201 567 contrita
2234 521 2250 561 t
2293 491 2537 561 aristo-

442 643 699 731 lochia,
756 659 821 713 et
869 644 1069 714 iberis
1114 642 1466 739 adalligata
1523 639 1731 730 hora,
1787 642 1887 710 vel
1940 640 2188 710 diutius
2216 692 2235 724 ,
2291 640 2346 707 si
2395 638 2537 730 pati

444 779 683 883 possit,
721 790 1085 860 comitante
1120 788 1365 857 balinei
1407 812 1552 857 usu.
1580 786 1896 858 Medetur
1930 800 1995 855 et
2032 784 2343 852 daucum.
2370 782 2541 849 Pur-

445 950 559 1027 gat
592 949 814 1003 autem
851 932 1258 1027 cyclaminos
1289 956 1447 1002 cum
1481 928 1680 1000 melle
1714 932 1783 1000 in
1814 954 2010 998 nares
2038 927 2299 997 addita:
2338 940 2405 993 et
2445 921 2543 992 ul·

445 1103 592 1148 cera
634 1075 871 1174 capitis
915 1092 1109 1147 sanat
1151 1075 1339 1148 illita.
1382 1051 1807 1166 Medetunet
1844 1075 2257 1169 peristereos,

1053 1393 1287 1466 'Cacalia
1311 1450 1328 1479 ,
1361 1410 1482 1466 sive
1512 1410 1785 1478 leontice,
1817 1428 1911 1464 111.

541 1605 886 1673 LXXXV.
932 1602 1196 1674 Cacalia
1232 1607 1368 1672 sive
1408 1604 1694 1673 leontice
1742 1617 2052 1689 vocatur,
2103 1626 2332 1670 semen
2369 1625 2545 1668 mar-.-

443 1748 671 1841 garitis
706 1748 981 1817 minutis
1017 1747 1268 1829 simile,
1303 1748 1687 1841 dependens
1724 1749 1895 1815 iuter
1933 1745 2088 1815 folia
2123 1744 2440 1840 grandia,
2469 1746 2541 1813 in

440 1891 783 1959 montibus
813 1891 972 1961 fere.
1002 1881 1220 1985 Hujus
1256 1917 1464 1985 grana
1498 1891 1879 1985 quindecim
1912 1890 1981 1958 in
2019 1889 2171 1959 oleo
2204 1914 2545 1960 maceran-

441 2049 551 2102 tur
573 2088 592 2122 ,
631 2051 834 2129 atque
878 2040 969 2105 ita
1004 2037 1283 2106 adverso
1314 2036 1559 2130 capillo
1598 2052 1799 2131 caput
1835 2039 2129 2131 ungitur.

1262 2304 1557 2361 Callithrix
1571 2345 1587 2373 ,
1623 2322 1715 2360 xx.

553 2497 928 2570 LXXXVI.
975 2499 1078 2567 Fit
1114 2513 1177 2567 et
1214 2525 1290 2571 ex
1338 2499 1709 2569 callitriche
1743 2513 2373 2568 sternutamentum.
2410 2502 2543 2566 Fo-

443 2637 533 2709 lia
579 2657 734 2709 sunt
788 2632 1164 2712 lenticulae:
1224 2644 1444 2713 caules
1485 2647 1673 2739 junci
1722 2642 2275 2732 tenuisflsimiles:
2316 2644 2552 2713 radice'

444 2787 739 2855 minima.
772 2789 1086 2858 Nascitur
1117 2792 1186 2861 in
1222 2793 1456 2885 opacis,
1487 2806 1553 2859 et
1587 2790 1913 2876 humidis,
1948 2804 2218 2883 gustatu
2253 2788 2537 2858 fervens.

1259 3042 1583 3115 Hyssopum
1598 3084 1613 3110 ,
1657 3061 1711 3096 x.
1809 3042 1816 3053 “

540 3233 949 3303 LXXXVII.
995 3236 1373 3329 Hyssopum.
1434 3238 1503 3308 in
1555 3235 1699 3304 oleo
1759 3239 2126 3306 contritum
2179 3237 2534 3331 phthiriasi

443 3368 727 3455 resistit,
775 3385 840 3438 et
875 3374 1205 3467 prurigini
1242 3375 1311 3440 in
1355 3376 1592 3467 capite.
1633 3378 1751 3443 Est
1799 3389 2023 3444 autem
2072 3375 2408 3468 optimum
2440 3376 2531 3444 ci-

445 3512 671 3581 licium
702 3538 739 3579 e
773 3516 995 3583 Tauro
1022 3532 1273 3600 monte,
1304 3517 1455 3587 dein
1478 3518 1972 3613 pamphylium,
2002 3545 2079 3588 ac
2102 3542 2529 3615 smyrnaeum:

360 3670 365 3676 ’
443 3658 785 3766 stomacho
811 3664 1241 3732 contrarium.
1276 3668 1528 3759 Purgat
1563 3689 1720 3737 cum
1747 3663 1877 3734 fico
1910 3679 2249 3758 sumptum
2285 3688 2406 3759 per
2438 3665 2533 3731 in-

447 3801 673 3887 ferna,
710 3828 861 3872 cum
906 3801 1101 3872 melle
1141 3808 1643 3877 vomitionibus.
1703 3811 1956 3877 Putant
2009 3823 2077 3876 et
2124 3810 2528 3902 serpentium

444 3946 687 4015 ictibus
717 3949 1090 4039 adversari,
1127 3952 1362 4021 tritum
1392 3977 1543 4022 cum
1581 3951 1776 4025 melle
1812 3967 1877 4023 et
1908 3951 2046 4024 sale
2089 3968 2154 4023 et
2189 3956 2477 4025 cumin0.
