2846 4869
422 400 496 460 24
857 396 919 451 e.
959 396 1190 453 PLINII
1230 374 1428 454 HI'ST.
1463 397 1644 453 NAT.
1692 396 1836 451 Lm.
1868 396 2098 455 xxw.
2175 414 2178 417 2

317 570 328 577 -
425 521 686 615 regium
710 574 730 611 ‚
789 537 854 593 et
917 523 986 592 in
1037 523 1350 617 jocineris
1388 490 1610 609 'vitio,
1666 538 1732 593 et
1782 522 2156 593 vulvarum.
2221 518 2511 616 Capillos

424 664 676 761 crispos
719 665 874 736 facit
916 682 1242 763 peruncto
1282 668 1519 762 capite.

859 890 1132 969 sphagno
1148 931 1166 961 ‚
1201 890 1320 946 sive
1353 891 1567 965 sphaco
1582 932 1600 962 ‚
1636 891 1757 947 sive
1796 890 1944 967 bryo
1962 933 1979 962 ,
2018 910 2074 947 v.

521 1102 742 1171 XVII.
795 1101 1148 1197 sphagnos
1177 1153 1197 1186 ‚
1253 1102 1392 1171 sive
1447 1086 1729 1198 sphacos
1753 1112 1796 1190 ,'
1822 1103 1974 1191 sive,
2011 1103 2225 1198 bryon
2247 1152 2267 1189 ,
2318 1115 2385 1170 et
2436 1098 2507 1170 in

422 1230 687 1331 Gallia,
731 1257 811 1312 ut
852 1243 1333 1328 indicavimuS‚
1382 1247 1717 1332 nascitur,
1761 1244 1977 1315 vulvis
2018 1245 2290 1319 decocto
2342 1245 2505 1315 insi·

421 1386 727 1456 dentium
777 1385 957 1456 utilis
1002 1414 1019 1455 ε
1073 1390 1232 1457 item
1277 1390 1557 1518 genibus
1608 1403 1675 1458 et
1722 1390 2047 1459 feminum
2088 1390 2462 1459 tumoribus
2488 1442 2509 1476 ‚

337 1534 343 1540 “
421 1532 671 1600 mixtus
722 1530 1094 1619 nasturti0‚
1141 1547 1208 1601 et
1252 1557 1427 1626 aqua
1473 1531 1641 1601 salsa
1692 1533 1909 1602 tritus.
1951 1535 2127 1604 Cum
2179 1533 2336 1602 vino
2391 1557 2509 1602 au-

324 1660 333 1675 ’
420 1692 555 1781 tem
609 1702 688 1746 ac
749 1679 969 1748 resina
1025 1679 1198 1748 sicca
1259 1693 1506 1773 potuS‚
1566 1680 1828 1749 urinam
1888 1678 2077 1775 pellit
2137 1677 2504 1749 celerrime.

420 1821 845 1917 Hydropicos‘
904 1823 1160 1911 inanit,
1222 1847 1372 1892 cum
1440 1823 1597 1891 vino
1652 1837 1719 1892 et
1776 1824 2128 1918 juniperis,
2170 1823 2364 1892 tritus
2423 1847 2505 1891 ac

421 1941 641 2060 potus.

1200 2369 1555 2426 Terebintho
1581 2411 1598 2441 ,
1637 2389 1719 2426 v1.

513 2582 763 2651 XVIII.
817 2579 1206 2650 Terebinthi
1261 2578 1419 2649 folia
1473 2595 1539 2648 et
1584 2580 1775 2652 radix
1817 2578 2325 2660 collectionibus
2378 2582 2507 2649 im-

419 2736 805 2820 ponuntur.'
825 2727 1195 2795 Decoctum
1235 2737 1469 2794 eorum
1510 2724 1927 2820 stomachum
1970 2726 2214 2795 firmat.
2258 2726 2499 2794 Semen

419 2871 490 2939 in
524 2871 761 2976 capitis
794 2868 1025 2940 dolore
1056 2871 1312 2939 bibitur
1346 2870 1413 2938 in
1450 2870 1642 2958 vino,
1666 2886 1734 2939 et
1768 2885 2004 2941 contra
2038 2870 2504 2944 difficultatem

419 3017 660 3100 urinae..
682 3017 1004 3098 Ventrem
1042 3013 1279 3084 leniter
1321 3014 1597 3113 emollit.
1636 3017 1967 3085 Venerem
1988 3017 2271 3114 [excitat.
2293 3051 2319 3092 ·,

1043 3272 1132 3326 De
1165 3271 1361 3344 picea,
1397 3280 1456 3326 et
1481 3271 1690 3342 larice,
1723 3290 1865 3327 vnx.

511 3480 695 3588 XIX.
708 3478 975 3568 Piceae,
1006 3496 1074 3549 et
1109 3480 1328 3550 laricis
1362 3480 1523 3552 folia
1555 3482 1749 3567 trita,
1777 3494 1845 3548 et
1875 3480 1947 3556 in
1977 3495 2167 3550 aceto
2193 3479 2465 3550 decocta
2484 3532 2505 3568 ,

416 3623 717 3691 dentium
761 3622 976 3692 dolori
1013 3639 1318 3719 prosunt.
1344 3626 1545 3695 Ciuis
1582 3625 1954 3712 corticum,
1995 3626 2397 3719 intertrigini
2438 3640 2507 3693 et

414 3768 757 3872 ambustis.
819 3772 1021 3837 Potus
1076 3753 1302 3836 alvum
1357 3768 1572 3853 sistit,
1630 3769 1891 3837 urinam
1951 3785 2192 3838 movet.
2254 3768 2506 3838 Suffitu'

414 3909 644 3980 vulvas
677 3880 974 4005 corrigit.
1002 3899 1213 3979 'Piceae
1246 3909 1406 3980 folia
1438 3913 1746 4005 privatim
1774 3913 2058 4005 jocin‘eri
2092 3911 2280 3982 utilia
2312 3928 2501 4008 snut,

415 4050 742 4134 drachmae
782 4054 1075 4149 pondere
1114 4057 1182 4125 in
1223 4080 1398 4149 aqua
1437 4053 1650 4124 mulsa
1690 4071 1867 4150 pota.
1914 4054 2124 4126 Silvas
2160 4083 2266 4138 eas
2302 4057 2500 4126 dum-
