2846 4869
403 412 440 467 6
849 416 913 474 C.
954 416 1186 473 PLINII
1228 416 1421 472 HIST.
1466 416 1636 470 NAT.
1679 415 1818 470 LIB.
1847 415 2072 469 XXIV.-

409 540 681 611 sitioues
720 556 790 610 et
829 542 1133 613 mixturae
1181 538 1679 638 inexplicabiles
1726 541 2194 611 decantantur.
2250 538 2497 611 Arabia

412 697 614 777 atque
648 684 840 754 India
883 686 953 754 in
995 685 1215 755 medio
1248 662 1661 756 aestimantur
1691 711 1706 753 :
1744 684 2087 780 ulcerique
2124 709 2334 778 parvo
2369 707 2503 752 me-

414 824 634 896 dicina
689 852 728 896 a
777 830 1012 898 Rubro
1070 830 1241 900 mari
1287 829 1696 926 imputatur,
1744 855 1954 925 quum
2004 826 2293 898 remedia
2346 850 2504 896 vera

414 971 712 1067 quotidie
749 973 1212 1069 pauperrimus
1259 974 1544 1067 quisque
1584 989 1817 1043 coenet.
1857 976 2036 1044 Nam
2084 973 2139 1041 si
2178 996 2262 1041 ex
2303 971 2502 1041 horto

413 1131 758 1213 petantur,
800 1131 921 1187 aut
959 1117 1166 1188 herba
1212 1117 1317 1188 vel
1365 1117 1585 1187 frutex
1620 1132 1989 1211 quaeratur,
2031 1114 2219 1186 nulla
2259 1117 2502 1185 artium

416 1258 616 1330 vilior
657 1260 792 1330 fiat.
837 1263 942 1330 Ita
1002 1276 1102 1330 est
1154 1261 1495 1356 profecto,
1531 1260 1923 1357 magnitudo
1961 1259 2194 1355 populi
2243 1245 2506 1329 romani

417 1404 711 1502 perdidit
752 1406 956 1491 ritus»,
1008 1398 1473 1501 vincendoque
1522 1405 1681 1474 victi
1728 1430 1977 1475 sumus,
2028 1407 2348 1511 Paremus
2398 1428 2508 1472 ex-

422 1551 670 1639 terniS‚
705 1564 774 1617 et
813 1575 949 1620 una
989 1551 1231 1620 artium
1277 1550 1796 1642 imperatoribus
1832 1574 2107 1645 quoque
2145 1550 2514 1644 imperave-

420 1709 600 1764 runt.
635 1684 895 1765 Verum
924 1692 1011 1762 de
1045 1694 1150 1762 his
1187 1691 1348 1763 alias
1388 1693 1604 1789 plura.

1009 2410 1312 2469 Medicinae
1347 2430 1418 2469 ex
1448 2414 1571 2469 loto
1602 2412 1818 2484 italica,
1848 2433 1930 2470 vi.

536 2587 623 2654 Π.
665 2612 731 2656 2.
771 2589 992 2658 Loton
1036 2588 1348 2674 herbam,
1390 2591 1685 2684 itemque
1721 2590 2069 2686 aegyptiam
2105 2587 2346 2660 eodem
2398 2612 2521 2657 no·

435 2730 616 2797 mine
634 2777 656 2815 ‚
708 2728 869 2799 alias
917 2746 985 2800 et
1033 2733 1343 2825 syrticam
1401 2735 1714 2826 arborem
1740 2788 1759 2823 ‚
1807 2734 2095 2804 diximus
2145 2733 2281 2808 suis
2333 2730 2518 2802 locis.

431 2873 590 2943 Haec
634 2871 840 2961 lotos,
875 2899 1024 2968 quae
1057 2871 1208 2945 faba
1242 2902 1455 2973 graeca
1497 2876 1874 2973 appellatur
1903 2905 1944 2949 a
1980 2879 2257 2968 nostris,
2292 2845 2519 2947 alvum

437 3019 655 3091 baccis
711 3022 899 3091 sistit.
955 3024 1308 3094 Ramentass
1342 3020 1509 3120 ligni
1566 3022 1838 3094 decocta
1899 3025 1968 3094 in
2024 3024 2183 3095 vino
2239 2998 2523 3118 prosunt

432 3162 902 3258 dysenterici8‚
949 3133 1346 3256 menstruis-i,
1390 3168 1745 3264 vertigini,
1793 3166 2262 3238 comitialibus.
2312 3167 2523 3237 Cohi-

434 3310 596 3378 bent
626 3324 697 3378 et
735 3306 1075 3406 capillum.
1110 3312 1366 3381 Mirum
1386 3366 1404 3397 ,
1444 3312 1550 3382 his
1585 3314 1904 3382 ramentis
1941 3311 2110 3382 nihil
2151 3336 2292 3382 esse
2335 3336 2521 3381 ama-

436 3454 610 3542 rius,
646 3453 1004 3550 fructuque
1041 3455 1324 3528 dulcius.
1362 3458 1471 3527 Fit
1499 3472 1567 3527 et
1596 3482 1634 3526 e
1667 3458 1865 3529 scobe
1897 3458 2039 3552 ejus
2075 3458 2552 3528 medicamen-·

438 3615 584 3672 tum
610 3651 629 3688 ‚
685 3625 767 3673 ex
819 3625 997 3696 aqua
1053 3603 1251 3700 myrti
1276 3586 1578 3675 decocta
1600 3654 1622 3689 ‚
1678 3603 1953 3673 subacta
1978 3655 1999 3688 ‚
2056 3617 2125 3674 et
2181 3602 2394 3672 divisa
2449 3604 2521 3671 in

438 3744 739 3842 pastillos
755 3800 777 3835 ‚
831 3748 1253 3858 dysentericis
1312 3745 1741 3818 utilissimum
1762 3801 1782 3838 ‚
1838 3748 2133 3844 pondere
2189 3750 2523 3818 victoriati

440 3922 592 3966 cum
631 3895 817 3991 aqu'ae
855 3897 1108 3993 cyathis
1149 3897 1386 3966 tribus,
