2846 4869
556 382 669 440 330
1002 384 1065 441 C.
1105 384 1336 443 PLINII
1376 385 1572 442 HIST.
1615 385 1790 442 NAT.
1832 384 1973 441 LIB.
2002 383 2186 442 XXV.

557 507 1041 580 medicamenta
1083 536 1100 580 ε
1145 510 1513 581 amuletum
1562 527 1827 581 vocant.
1851 506 1858 512 ’
1886 513 2182 584 Narrant
2228 525 2297 581 et
2350 511 2651 582 ebrieta-

557 667 691 738 tem
722 656 1180 748 reproesentari
1217 654 1445 725 addita
1480 655 1552 759 in
1587 657 1843 725 vinum.
1878 654 2097 725 Radix
2133 655 2407 745 siccata,
2437 652 2655 726 scillae

554 798 757 869 modo
793 801 1092 889 concisa,
1131 800 1484 895 reponitur
1520 825 1536 868 ε
1574 799 1973 894 decoquitur
2006 800 2239 871 eadem
2265 765 2363 870 ¹ad
2402 803 2656 871 crassi-

553 943 856 1014 tudinem
913 942 1148 1015 mellis,
1209 946 1422 1014 Suum
1481 959 1707 1014 tamen
1759 969 2091 1015 venenum
2150 946 2209 1014 ei
2263 960 2363 1017 est
2419 971 2437 1014 :
2496 960 2655 1016 tra-

554 1084 894 1181 duntque,
929 1088 984 1157 si
1021 1112 1371 1184 praegnans
1408 1085 1698 1158 radicem
1739 1087 2291 1188 transgrediatur,
2326 1055 2653 1160 abortum

548 1229 715 1301 fieri.

1110 1509 1468 1584 cyclaminos
1505 1509 1908 1568 cissanthemos
1926 1550 1944 1581 ‚
1978 1529 2060 1566 iv.

648 1704 956 1774 LXVIII.
1000 1705 1122 1771 Est
1156 1715 1226 1771 et
1260 1700 1467 1771 altera
1511 1700 1909 1797 cyclaminos
1949 1701 2347 1797 cognomine
2384 1702 2645 1772 cissan-

551 1848 811 1917 themos
837 1815 887 1936 ,ὑ
917 1842 1311 1942 geniculatis
1373 1843 1674 1916 caulibus
1702 1898 1722 1934 ‚
1781 1846 2207 1940 supervacuis
2234 1900 2255 1934 ‚
2312 1870 2355 1914 a
2410 1848 2645 1941 priore

547 1991 803 2074 distans
823 2042 843 2080 ‚
898 1991 1075 2061 circa
1127 1990 1399 2060 arbores
1456 2014 1525 2059 se
1573 1988 1843 2060 volvens
1871 2041 1892 2079 ,
1948 1990 2156 2061 acinis
2207 1989 2421 2059 ederae
2446 2044 2467 2077 ‚
2516 1992 2640 2061 sed

547 2133 861 2205 mollibus
881 2186 902 2223 ‚
954 2132 1118 2228 flore
1160 2131 1449 2202 candido
1469 2186 1489 2222 ‚
1537 2134 1834 2227 specioso
1852 2184 1871 2219 ,
1926 2131 2148 2201 radice
2198 2158 2636 2229 supervacua.

546 2278 740 2349 Acini
778 2291 1038 2347 tantum
1077 2280 1147 2347 in
1187 2302 1314 2348 usu
1335 2329 1357 2367 ‚
1408 2292 1610 2373 gustu
1657 2279 1838 2366 acri,
1889 2276 2002 2345 sed
2049 2275 2234 2346 lenti.
2282 2279 2636 2350 Siccantur

546 2420 617 2490 in
656 2419 891 2490 umbra
913 2473 934 2511 ,
966 2421 1242 2514 tusique
1278 2418 1671 2490 dividuntur
1711 2419 1780 2487 in
1820 2415 2141 2515 pastillos·

1109 2819 1466 2897 cyclaminos
1497 2818 1882 2875 chamaecissos
1901 2858 1919 2888 ‚
1960 2836 2060 2874 111.

542 3018 547 3031 “
641 3015 886 3085 LXIX.
934 3013 1110 3083 Mihi
1156 3027 1222 3082 et
1246 3014 1466 3099 'tertia
1516 3011 1946 3107 cyclaminos·
1976 3011 2433 3087 demonstrata
2483 3025 2620 3096 est,

540 3160 937 3254 cognomine
981 3157 1431 3227 chamaecissos
1453 3208 1473 3243 ,
1511 3179 1648 3226 uuo
1688 3155 1966 3226 omnino
2004 3154 2169 3243 folio
2189 3209 2209 3243 ‚
2247 3153 2473 3226 radice
2515 3136 2624 3223 νει-ζ

538 3300 760 3389 mosa,
800 3327 934 3396 qua
970 3302 1182 3397 pisces
1221 3314 1567 3372 necantur.

1242 3545 1664 3618 Peucedanum‚
1695 3563 1868 3600 xxvii
1879 3565 1920 3600 1.

629 3743 844 3812 LXX.
883 3740 1010 3839 Sed
1043 3742 1222 3811 inter
1250 3741 1500 3835 primas
1537 3734 1909 3810 celebratur
1943 3740 2439 3835 peucedanum,
2472 3737 2610 3807 lau-

534 3892 949 3962 datissimum
991 3890 1062 3958 in
1106 3888 1393 3961 Arcadia
1411 3942 1431 3979 ‚
1469 3914 1622 3959 mox
1662 3884 2113 3958 Samothrace.
2157 3888 2381 3961 Caulis
2418 3889 2475 3956 ei
2511 3901 2607 3953 te-

534 4044 713 4133 nuis,
743 4041 1019 4137 longuS,
1051 4038 1339 4111 feniculo
1377 4037 1640 4129 similis,
1669 4040 1857 4132 juxta
1890 4051 2138 4108 terram
2173 4037 2473 4122 foliosus‚
2497 4055 2607 4099 ra-
