2846 4869
461 436 529 475 η
891 415 954 472 C.
990 416 1231 473 PLINII
1266 414 1464 472 HIST.
1502 415 1682 472 NAT.
1721 415 1865 472 LlB.
1894 415 2107 472 XXIV.

456 545 674 613 omnis
731 542 1014 637 generis.
1065 541 1362 631 Quidam
1421 556 1489 610 et
1550 538 1913 636 galbanum
1971 541 2293 637 adjiciunt
2321 593 2341 627 ‚
2394 543 2542 636 pari

455 687 751 780 pondere
790 684 1208 780 singulorum
1243 711 1260 754 :
1297 710 1511 781 eoque
1545 686 1746 755 modo
1786 702 1853 755 et
1898 685 1982 755 ad
2024 685 2304 755 vulnera
2343 703 2545 756 utun-

456 845 588 898 tur.
618 830 969 922 Unguium
1013 828 1358 897 scabritias
1400 827 1686 924 expolit,
1723 830 1776 898 si
1816 831 2101 925 septenis
2139 830 2372 900 diebus
2410 829 2544 899 sol-

455 989 724 1061 vantur,
771 975 1081 1066 nitroque
1127 971 1529 1043 colluantur.
1576 974 1874 1063 Quidam
1925 975 1994 1043 id
2040 973 2363 1070 religione
2406 975 2554 1044 effi-

458 1121 677 1188 cacius
711 1118 858 1187 fieri
894 1134 1171 1213 putant,
1209 1088 1426 1213 prima
1466 1118 1624 1189 lu'na
1657 1119 2013 1190 collectum
2047 1146 2087 1189 e
2124 1122 2366 1190 robore
2402 1121 2552 1190 sine

458 1265 656 1333 ferro.
694 1265 762 1331 Si
805 1278 1053 1332 terram
1097 1289 1234 1332 non
1273 1264 1532 1357 attigit,
1566 1254 2009 1337 comitialibus
2049 1264 2321 1333 mederi.
2364 1268 2549 1335 Con-

1072 1321 1095 1365 ι

456 1425 728 1505 ceptum
787 1409 1183 1478 feminarum
1250 1408 1566 1504 adjuvare
1595 1463 1614 1498 ‚
1678 1412 1732 1479 si
1802 1412 2077 1479 omnino
2137 1432 2362 1480 secum
2426 1412 2550 1480 ha-

461 1555 682 1622 beant.
722 1552 970 1623 Ulcera
1016 1553 1569 1623 commanducato
1611 1555 2060 1649 impositoque
2099 1553 2556 1627 efficacissime

462 1698 702 1767 sanari.

1059 2085 1254 2142 Pilulis
1281 2084 1512 2143 roboris
1541 2106 1554 2140 ε
1593 2103 1756 2140 cerro
1775 2125 1793 2156 ,
1826 2103 1969 2140 v111.

559 2261 708 2329 VII.
738 2261 1024 2330 Roboris
1065 2259 1290 2356 pilulae
1327 2287 1408 2330 ex
1441 2262 1637 2355 adipe
1674 2262 1903 2330 ursino
1946 2257 2273 2354 alopecias
2310 2251 2563 2349 capillo

473 2401 755 2498 replent.
811 2407 1001 2479 Cerri
1039 2404 1235 2491 folia,
1282 2421 1350 2475 et
1398 2421 1662 2492 cortex,
1708 2419 1775 2475 et
1823 2403 2049 2500 glanS‚
2102 2403 2305 2472 siccat
2347 2395 2554 2468 colle-

467 2517 721 2618 ctiones
781 2553 1432 2646 suppurationesque
1486 2537 1502 2619 ξ
1563 2550 1888 2620 fluxiones
1945 2549 2140 2619 sistit.
2187 2549 2559 2639 Torpentes

378 2725 383 2730 ·
471 2695 926 2766 membrorum
957 2713 1178 2790 partes
1210 2697 1608 2767 corroborat
1642 2694 2172 2798 decoctum-ejus
2212 2687 2357 2760 fotu
2394 2712 2412 2759 :
2450 2689 2562 2756 cui

469 2825 532 2909 et
576 2803 864 2911 insidere
900 2842 1205 2939 expedit,
1247 2841 1575 2911 siccandis
1617 2838 2191 2935 adstringendisve
2233 2835 2557 2932 partibus.

469 2986 684 3056 Radix
726 2988 898 3056 cerri
939 2985 1333 3055 adversatur
1375 2985 1861 3080 scorpionibus

1347 3190 1598 3260 subere,
1632 3207 1704 3243 11.

575 3370 758 3437 VIII.
819 3370 1087 3438 Suberis
1140 3382 1372 3458 cortex
1416 3368 1657 3467 tritus,
1710 3391 1789 3434 ex
1833 3390 2002 3461 aqua
2054 3362 2266 3438 calida
2319 3377 2517 3456 potus
2543 3413 2568 3450 ,

476 3512 866 3605 sanguinem
918 3513 1234 3582 fluentem
1280 3536 1364 3579 ex
1417 3510 1729 3579 utralibet
1780 3524 1969 3604 parte
2016 3511 2208 3578 sistit.
2252 3506 2569 3601 Ejusdem

478 3654 648 3722 cinis
695 3679 775 3722 ex
818 3656 974 3722 vino
1010 3653 1266 3741 calido,
1303 3654 1693 3747 sanguinem
1746 3651 2239 3720 exscreantibus
2286 3672 2569 3742 magno·-

478 3823 636 3891 pere
680 3796 1011 3867 laudatur.

1371 3896 1529 3972 Fago
1549 3937 1566 3964 ,
1596 3915 1676 3952 lv,

584 4072 701 4141 IX.
744 4069 806 4142 5.
848 4071 1007 4167 Fagi
1052 4070 1211 4141 folia
1252 4072 1744 4146 manducantur
1791 4073 1862 4145 in
1898 4071 2321 4167 gingivarum
2363 4069 2574 4139 labio-
