2846 4869
464 376 546 434 60
903 376 967 431 C.
1006 374 1240 431 PLmn
1276 372 1471 430 HIST.
1513 373 1686 429 ΕΔΤ.
1726 373 1870 429 Lm.
1895 372 2114 429 xxlv.
2225 400 2232 401 ff

469 514 540 571 et
594 514 751 595 pota
804 498 1389 593 intemperantiam
1446 494 1748 567 libidinis
1801 511 2112 571 coercent
2137 549 2158 584 ,
2218 512 2424 592 atque
2485 500 2554 571 in

469 660 690 716 totum
732 641 1048 713 auserunt
1090 666 1288 711 usum
1336 641 1576 736 saepius
1626 654 1914 736 sumpta.
1964 642 2303 710 Amerinae
2351 643 2559 738 nigrae

470 811 697 858 semen
729 811 884 856 cum
928 809 1163 881 spuma
1203 787 1464 880 argenti
1505 785 1651 880 pari
1688 781 2021 880 pondere,
2059 809 2098 853 a
2134 749 2377 855 balneo
2403 784 2556 856 ‘illi-

454 922 615 1012 tum'
629 986 651 1023 ,
686 930 1088 1028 psilothrum
1128 944 1251 1001 est.

1269 1545 1455 1603 vitice
1475 1586 1494 1617 ‚
1529 1564 1751 1603 xxnu.

553 1757 941 1828 XXXVIII.
979 1759 1134 1827 Non
1183 1752 1474 1822 multum
1516 1778 1557 1823 a
1596 1751 1796 1824 salice
1836 1751 2126 1824 vitilium
2173 1778 2301 1823 usu
2347 1753 2550 1823 distat

453 1903 667 1990 vitex,
692 1900 1008 1971 foliorum
1035 1924 1302 1995 quoque
1329 1914 1638 1993 aspectu,
1667 1900 1794 1969 nisi
1826 1898 2038 1971 odore
2064 1902 2319 1994 gratior
2352 1913 2544 1969 esset.

440 2047 670 2123 ‚Graeci
728 2045 931 2145 lygon
995 2059 1236 2114 vocant
1266 2096 1285 2133 ,
1342 2042 1456 2113 alii
1513 2068 1782 2143 agnon,
1842 2046 2158 2140 quoniam
2224 2059 2549 2114 matronae

448 2189 999 2287 Thesmophoriis
1057 2189 1566 2263 Atheniensium
1621 2190 1999 2263 castitatem
2045 2188 2498 2263 custodientes
2528 2241 2547 2277 ,

447 2336 552 2406 his
583 2333 759 2405 foliis
793 2335 1067 2407 cubims
1103 2335 1229 2404 sibi
1265 2348 1596 2405 sternunt.
1627 2339 1784 2405 Duo
1814 2358 2064 2430 gener-u
2094 2336 2244 2429 ejus
2272 2359 2290 2403 z
2327 2337 2546 2429 major

447 2481 519 2550 in
554 2480 860 2551 arborem
896 2479 1115 2551 salicis
1150 2479 1351 2550 modo
1389 2480 1690 2575 adsurgit
1727 2507 1743 2549 :
1776 2482 2000 2550 minor
2031 2505 2327 2570 ramosa,
2364 2480 2543 2551 foliis

446 2615 950 2696 candidioribus
1005 2621 1439 2720 lanuginosis.
1496 2624 1724 2693 Prima
1775 2623 2000 2696 album
2051 2623 2285 2696 florem
2338 2626 2545 2698 mittit

444 2795 601 2841 cum
647 2794 991 2867 purpureo
1011 2822 1037 2856 ,
1071 2794 1221 2865 qum
1273 2786 1341 2841 et
1386 2769 1674 2842 eandida
1720 2786 2002 2844 vocatun
2042 2797 2062 2841 ι
2114 2773 2349 2868 nigras,
2392 2797 2544 2866 quae

443 2931 708 2989 tautum
754 2940 1194 3013 purpureum.
1247 2916 1645 2988 Nascuntur
1688 2916 1756 2984 in
1802 2914 2218 3010 palustribus
2259 2919 2535 3012 campis.

534 3334 771 3402 Semen
797 3345 1034 3426 potum
1053 3330 1195 3402 vini
1217 3330 1577 3425 quemdam
1602 3353 1906 3425 saporem
1928 3323 2164 3417 hahet,
2196 3345 2264 3400 a
2289 3330 2536 3404 dicitur

437 3470 655 3548 febres
696 3468 950 3539 solvere
983 3492 998 3539 ε
1033 3483 1100 3538 et
1133 3493 1346 3563 quum
1381 3484 1734 3564 unguntur
1769 3466 1918 3538 oleo
1956 3467 2291 3558 admixto,
2325 3470 2534 3541 sudo-

430 3633 575 3679 rem
602 3606 819 3677 facere
846 3630 864 3675 t
897 3607 993 3676 sic
1024 3617 1095 3675 et
1125 3603 1548 3675 lassitudines
1580 3604 1957 3675 dissolvere.
1990 3608 2277 3676 Urinam
2304 3610 2486 3678 cient
2505 3662 2526 3696 ,

430 3763 497 3819 et
536 3771 818 3818 menses.
867 3748 1088 3840 Caput
1132 3757 1392 3812 tentant
1437 3744 1821 3815 vinimodo
1861 3771 1877 3814 z
1915 3770 2069 3814 nam
2109 3761 2176 3815 et
2215 3747 2387 3817 odor
2433 3750 2526 3818 si-

428 3883 606 3955 milis
635 3899 754 3972 est.
785 3881 1176 3956 Inflationes
1205 3878 1468 3975 pellunt
1503 3881 1574 3951 in
1603 3880 1940 3952 inferiora.
1963 3881 2208 3954 Alvum
2237 3884 2523 3958 sistunt:

427 4022 851 4118 hydropicis,
893 4032 963 4090 et
1000 4016 1288 4094 lienibus
1339 4041 1672 4112 perquam
1723 4017 1937 4092 utiles.
1979 4023 2202 4094 [Λαὶς
2253 4023 2518 4096 ahena-
