2846 4869
496 407 582 466 -62
939 409 1001 465 c,
1043 408 1278 465 Pmml
1319 406 1513 466 ms‘r.
1554 406 1728 485 MT.
1769 408 1912 465 Lm.
1936 406 2154 466 xxiva

1276 660 1506 733 Ederis,
1545 682 1804 720 xxxvut.

601 882 878 952 XLVII.
923 879 1155 950 Ederae
1202 904 1441 976 genera
1494 881 1729 975 viginti
1780 868 2396 951 demonstravimus·
2450 871 2588 949 Na-

507 1041 664 1099 tura
714 1026 1017 1099 omnium
1065 1026 1136 1095 in
1175 1023 1510 1097 medicina
1550 1042 1815 1119 anceps.
1855 1027 2156 1097 Mentem
2205 1024 2429 1095 turbat
2452 1076 2472 1113 ‚
2517 1039 2588 1095 et

506 1186 708 1264 caput
753 1184 996 1266 purgat
1032 1166 1280 1264 largius
1328 1184 1507 1264 pota.
1550 1170 1793 1239 Nervis
1839 1170 2021 1238 intus
2072 1183 2289 1239 nocet.
2337 1169 2585 1238 Iisdem

506 1314 726 1384 nervis
759 1312 1057 1383 adhibita
1089 1308 1569 1407 forisprodest.
1599 1311 1848 1382 Eadem
1883 1327 2150 1402 natura,
2184 1337 2332 1407 quae
2363 1328 2586 1398 aceto,

500 1461 564 1529 ei
616 1471 739 1529 est.
793 1459 1045 1529 Omnia
1097 1481 1338 1551 genera
1398 1456 1539 1550 ejus
1594 1455 2012 1550 refrigerant.
2064 1457 2347 1526 Urinam
2403 1457 2587 1526 cient

496 1619 666 1700 potu
711 1630 726 1672 ε
772 1603 1004 1698 capitis
1048 1598 1350 1671 dolorem
1390 1600 1661 1690 sedant,
1703 1601 2034 1696 praecipue
2078 1582 2386 1690 cerebro,
2424 1624 2589 1672 con-

500 1750 874 1844 tinentique
922 1748 1270 1847 cerebrum
1317 1747 1761 1836 membranae,
1807 1742 2060 1816 utiliter
2100 1746 2414 1830 mollibus
2462 1750 2585 1818 im-

496 1896 729 1989 positis
771 1892 948 1964 foliis
997 1917 1012 1960 :
1063 1916 1216 1961 cum
1259 1905 1447 1960 aceto
1490 1905 1557 1963 ct
1597 1864 1866 1963 rosaceo
1910 1893 2084 1965 tritis
2127 1908 2198 1965 et
2246 1893 2538 1965 decoctis
2559 1947 2582 1980 ,

497 2039 721 2109 addito
758 2050 989 2133 postea
1027 2060 1297 2104 rosaceo
1345 2035 1512 2104 oleo.
1553 2033 1921 2105 Illinuntur
1959 2052 2182 2107 autem
2223 2036 2427 2106 fronti
2457 2063 2474 2106 ε
2515 2055 2586 2107 et

499 2186 774 2254 'decocto
814 2205 1050 2250 eorum
1087 2179 1355 2249 fovetur
1392 2159 1504 2267 os,
1550 2195 1883 2275 caputque
1925 2158 2347 2276 perungitur.
2382 2183 2585 2251 Lieni

492 2344 564 2399 et
596 2344 754 2425 pota
782 2342 855 2397 et
891 2324 1061 2399 illita
1093 2340 1395 2421 prosunt.
1436 2329 1924 2420 Decoquuntur
1960 2289 2030 2399 et
2067 2341 2308 2398 contra
2341 2328 2585 2401 horro-

495 2499 600 2543 res
636 2473 921 2572 febrium
940 2522 959 2556 ‚
993 2470 1508 2563 eruptionesque
1552 2469 1809 2561 pituitae
1830 2521 1849 2558 ,
1885 2483 2005 2539 aut
2044 2473 2116 2539 in
2154 2469 2311 2540 vino
2347 2486 2585 2543 terun—

498 2636 626 2688 tur.
664 2613 980 2711 Corymbi
1013 2637 1277 2708 quoque
1308 2612 1453 2707 poti
1495 2609 1597 2681 vel
1634 2611 1783 2682 illiti
1817 2611 2055 2683 lienem
2091 2631 2329 2685 sanant
2361 2644 2377 2687 ε
2410 2618 2587 2712 joci-

407 2849 411 2854 ,
497 2789 655 2836 nera
700 2776 927 2832 autem
969 2757 1139 2832 illiti.
1195 2758 1501 2828 Trahunt
1547 2736 1913 2846 et1menses
1959 2753 2267 2855 adpositi.

566 3173 844 3282 xSuccus
882 3183 1111 3281 ederae'
1137 3211 1326 3282 taedia
1365 3214 1629 3282 narium
1669 3210 2318 3312 graveolentiamque
2357 3235 2589 3281 emen-

498 3335 655 3439 dat,
689 3354 1024 3448 praecipue
1054 3353 1219 3426 albae
1246 3354 1492 3426 sativae.
1535 3353 1721 3430 Idem
1760 3353 2017 3430 infusus
2062 3354 2337 3426 naribus
2375 3369 2588 3448 caput

495 3512 758 3594 purgat,
769 3496 1100 3567 efficacius
1116 3496 1343 3567 addito
1360 3498 1560 3567 nitro.
1576 3496 1963 3568 Infunditur
1978 3501 2181 3570 etiam
2200 3498 2584 3594 purulentis

494 3642 769 3712 auribus
794 3696 812 3731 ,
860 3659 977 3712 aut
1015 3641 1405 3713 dolentibus·
1433 3667 1587 3713 cum
1621 3641 1791 3712 oleo.
1835 3644 2272 3715 Cicatricibus
2308 3668 2588 3738 quoque

492 3788 796 3858 decorem
830 3788 1006 3858 facit.
1038 3787 1142 3858 Ad
1177 3788 1379 3858 lienes
1411 3784 1745 3859 efficacior
1781 3788 1950 3860 albae
2000 3805 2101 3859 est
2120 3842 2146 3879 ,
2183 3789 2379 3859 ferro-
2410 3788 2595 3860 cale-

493 3901 708 4004 factus
746 3934 1102 4028 :satisque
1144 3948 1244 4002 est
1287 3935 1514 4002 acinos
1565 3957 1676 4001 sex
1720 3934 1791 4002 in
1836 3935 1974 4004 vini
2011 3934 2268 4027 cyathis
2318 3933 2595 4006 duobus

496 4076 916 4176 sumi3Acini
951 4100 1218 4171 quoque
1238 4101 1330 4146 *ex
1359 4074 1592 4146 eadem
1620 4075 1773 4150 alba
1802 4078 2004 4168 terni,
2036 4078 2105 4146 in
2137 4092 2328 4147 aceto
2359 4074 2589 4150 mulso
