2846 4869
538 353 653 431 290
781 402 785 406 .
985 358 1048 413 c.
1089 358 1334 415 rLum
1371 360 1564 417 ms'r.
1608 359 1779 418 NAT.
1824 347 1968 418 LIB'.
1996 360 2200 420 xxv.-

1047 572 1393 631 Centaurion
1414 615 1432 645 ‚
1470 574 1590 633 sive
1630 575 1935 631 chironion
1954 616 1971 646 ‚
2012 595 2106 631 xx.

631 767 848 834 XXX.
888 767 1252 835 Centaurio
1286 781 1558 837 curatus
1590 765 1834 838 dieitur
1872 768 2164 851 Chiron,
2202 788 2412 860 quum
2452 768 2603 833 Her-

540 907 707 992 culis
758 912 1012 1005 excepti
1062 910 1354 1005 hospitio
1396 914 1832 1007 pertractanti
1887 938 2071 984 arma
2090 966 2110 1002 ‚
2159 912 2401 1007 sagitta
2445 912 2604 980 exci-

536 1054 740 1125 disset
786 1057 855 1123 in
894 1054 1128 1149 pedem
1163 1083 1180 1124 z
1229 1080 1438 1150 quare
1488 1054 1691 1151 aliqui
1737 1056 2089 1158 chironion
2128 1071 2392 1125 vocant.
2436 1052 2601 1124 Folia

477 1237 480 1239 v
535 1216 692 1269 sunt
716 1198 858 1269 lata
891 1214 958 1268 et
993 1198 1317 1296 oblonga,
1361 1216 1618 1270 serrato
1651 1201 1907 1271 ambitu
1929 1254 1948 1290 ,
1986 1200 2190 1271 densa
2227 1200 2310 1269 ab
2346 1197 2597 1283 radice,

534 1343 754 1414 caules
795 1360 1054 1413 ternum
1094 1346 1511 1446 cubitorum,
1549 1345 1945 1443 geniculati,
1970 1349 2052 1414 In
2086 1346 2189 1414 his
2227 1309 2596 1440 capita'ceu

530 1513 963 1583 papaverum.
995 1488 1211 1561 Radix
1245 1506 1431 1560 vasta
1450 1543 1470 1577 ,
1501 1491 1897 1575 rubescens,
1930 1504 2155 1559 tenera
2190 1488 2595 1583 fragilisque,

528 1632 617 1701 ad
673 1632 830 1701 bina
889 1633 1110 1702 cubita
1132 1685 1151 1722 ,
1207 1632 1476 1703 madida
1531 1658 1731 1704 succo
1757 1686 1777 1721 ‚
1831 1658 2056 1703 amara
2111 1658 2267 1703 cum
2322 1630 2594 1725 quadam

528 1775 900 1848 dulcedine.
953 1778 1266 1847 Nascitur
1320 1779 1391 1846 in
1434 1777 1712 1848 collibus
1766 1769 1999 1874 pingui
2042 1747 2207 1847 solo.
2255 1775 2596 1847 Laudatis-

528 1922 692 1990 sima
730 1920 801 1988 in
840 1919 1121 1990 Arcadia
1145 1970 1164 2005 ,
1215 1917 1407 1989 Elide
1430 1972 1450 2009 ,
1485 1921 1815 1992 Messenia
1836 1972 1857 2008 ,
1896 1918 2145 1990 Pholoe
2166 1972 2188 2009 ,
2239 1936 2308 2014 et
2352 1920 2593 2016 Lycia:

525 2080 592 2137 et
635 2068 705 2134 in
743 2063 1026 2159 Alpibus
1085 2088 1289 2153 vero,
1344 2030 1783 2160 plurimisque
1830 2061 1976 2133 aliis
2016 2038 2210 2134 locis·
2266 2066 2347 2132 In
2404 2064 2593 2159 Lycia

526 2211 794 2307 quidem
862 2227 928 2281 et
989 2235 1070 2280 ex
1121 2235 1203 2279 ea
1272 2177 1519 2305 lycium
1573 2210 1844 2280 faciunt.
1904 2211 2027 2280 Vis
2094 2212 2164 2278 in
2221 2209 2591 2280 vulneribus

526 2371 714 2425 tanta
743 2408 763 2441 ,
817 2369 896 2423 ut
952 2353 1394 2439 cohaerescere
1452 2354 1658 2426 etiam.
1709 2376 1940 2422 carnes
1997 2354 2263 2423 tradant
2292 2405 2313 2442 ,
2375 2355 2428 2423 si
2486 2379 2590 2423 co·

523 2514 817 2595 quantur
856 2498 1070 2568 simul.
1120 2502 1202 2568 In
1254 2523 1378 2568 usu
1425 2499 1618 2568 radix
1668 2514 1927 2577 tantum
1974 2498 2236 2571 duabus
2274 2492 2584 2571 drachmis

521 2643 812 2713 bibenda
832 2695 850 2729 ,
892 2644 1133 2737 quibus
1172 2641 1434 2751 dicet-ur
1468 2668 1485 2712 τ
1529 2645 1584 2712 si
1641 2643 1844 2719 febris
1885 2645 1970 2714 sit
1990 2696 2010 2732 ‚
2059 2646 2130 2713 in
2181 2670 2354 2739 aqua
2403 2647 2547 2714 trita
2568 2697 2585 2730 ,

524 2789 758 2858 ceteris
817 2787 886 2854 in
944 2787 1123 2855 vino.
1186 2784 1504 2855 Medetur
1568 2801 1636 2856 et
1701 2786 1937 2878 iisdem
2003 2787 2257 2857 morbis
2325 2787 2589 2858 decoctae

527 2957 782 3002 succuS.
1893 2912 1924 2953 ‘⁵

643 3393 991 3453 Centaurion
1023 3398 1222 3472 lepton
1239 3439 1256 3469 ‚
1293 3398 1414 3479 sive
1447 3396 1710 3457 libadion
1727 3440 1746 3471 ,
1787 3400 1946 3475 quod
1979 3400 2053 3457 fel
2094 3408 2259 3456 terrae
2273 3438 2292 3470 ‚
2331 3416 2476 3454 xxu.

604 3587 880 3655 XXXI.
932 3590 1053 3657 Est
1109 3586 1394 3659 alterum
1442 3591 1838 3675 centaurion
1890 3590 2287 3685 cognomine
2332 3588 2585 3683 lepton‚

526 3729 802 3798 minutis
855 3727 1029 3799 foliis
1050 3782 1071 3818 ,
1123 3731 1305 3824 quod
1352 3731 1558 3828 aliqui
1610 3730 1900 3802 libadion
1953 3748 2190 3802 vocant
2211 3782 2231 3822 ,
2287 3733 2586 3826 quoniam

526 3874 892 3943 secundum
930 3873 1145 3945 fontes
1175 3877 1493 3966 nascitur,
1526 3877 1800 3972 origano
1828 3873 2071 3965 simile,
2102 3875 2584 3972 angustioribus

524 4032 591 4085 et
647 4016 1059 4113 longioribus
1113 4015 1288 4088 foliis
1312 4070 1332 4110 ,
1390 4020 1708 4117 anguloso
1766 4019 1953 4099 caule
2009 4020 2360 4116 paululum
2413 4019 2540 4092 alto
2561 4069 2580 4106 ‚
