2846 4869
556 419 666 457 ιω
993 402 1056 457 c,
1095 403 1330 459 PLmn
1373 401 1567 460 HIST.
1612 403 1781 462 NAT.
1821 406 1964 491 ms.
1994 405 2202 464 xx1v.
2319 463 2322 464 f

548 540 833 595 austero.
865 527 1031 594 Item
1070 528 1459 628 sanguinem
1494 529 1667 598 sistit
1697 531 1897 600 tritus
1925 555 2079 601 cum
2112 534 2485 627 oxymelitis
2518 554 2630 606 aut

535 694 742 764 ,aquae
783 668 1009 739 calidae
1055 672 1307 766 cyathis
1353 672 1689 766 quinque,
1735 672 1992 743 denarii
2032 676 2231 745 unius
2278 678 2572 771 pondere
2614 705 2629 748 t

553 815 647 883 sic
685 827 751 882 et
785 813 871 882 ad
911 813 1236 884 secundas
1275 814 1628 888 mulierum
1666 816 1915 887 efficax.

1074 1153 1081 1186 l

946 1276 1284 1348 Clematide,
1315 1277 1434 1333 sive
1473 1277 1652 1333 echite
1664 1319 1682 1348 ,
1717 1275 1836 1332 sive
1869 1273 2228 1331 scammonia.

649 1445 1027 1514 LXXXIX.
1086 1443 1218 1513 Sed
1271 1445 1491 1514 Graeci
1542 1442 1924 1514 clematidas
1978 1457 2046 1510 et
2099 1440 2259 1510 alias
2317 1441 2573 1509 habent
2618 1468 2635 1509 ε

556 1615 757 1659 unam
776 1641 799 1677 1,
833 1614 1034 1684 quam
1075 1587 1280 1685 aliqui
1314 1590 1579 1658 echiten
1615 1603 1895 1678 vocant,
1932 1587 2043 1657 alii
2084 1587 2376 1682 laginem
2400 1640 2420 1676 ‚
2459 1613 2635 1657 non-

557 1732 724 1824 nulli
787 1750 1053 1804 tenuem
1110 1734 1581 1804 scammoniam
1637 1759 1653 1802 :
1710 1758 1932 1821 ramos
1987 1732 2188 1803 habet
2244 1730 2589 1828 bipedales
2617 1785 2637 1820 ‚

556 1880 861 1969 foliosos‚
899 1905 1034 1949 non
1070 1878 1422 1949 dissimiles
1455 1879 1913 1967 scammnniae,
1948 1878 2076 1948 nisi
2115 1877 2297 1971 quod
2337 1877 2644 1971 nigriora

555 2010 972 2119 minoraque*
1010 2039 1162 2095 sunt
1228 2022 1407 2105 folia.
1470 2025 1822 2093 Invenitur
1886 2025 1957 2093 in
2027 2024 2235 2093 vineis
2300 2025 2639 2117 arvisque.

555 2174 781 2252 Estur‚
816 2183 894 2238 ut
926 2168 1070 2238 olus
1093 2222 1112 2254 ‚
1145 2195 1297 2257 cum
1332 2168 1480 2240 oleo
1517 2194 1594 2239 ac
1635 2167 1769 2239 sale
1802 2194 1817 2237 ε
1851 2166 2077 2238 alvum
2113 2170 2265 2237 ciet.
2299 2167 2550 2237 Eadem
2600 2193 2643 2237 a

558 2312 984 2407 dysentericis
1024 2337 1177 2381 cum
1219 2311 1338 2381 lini
1385 2314 1636 2381 semine
1675 2337 1756 2382 ex
1798 2314 1957 2400 vino
1996 2328 2262 2382 austero
2301 2312 2639 2382 sorbetur.

558 2457 740 2528 Folia
767 2458 1105 2552 epiphoris
1138 2458 1578 2553 imponuntur
1609 2481 1761 2526 cum
1792 2454 2092 2551 polenta,
2121 2458 2468 2551 supposito
2498 2456 2643 2527 udo

558 2601 848 2671 linteolo.
872 2578 1170 2670 Strumas
1198 2601 1513 2696 imposita
1540 2600 1625 2669 ad
1655 2567 2204 2695 suppurationem
2231 2599 2643 2695 perducunt,

558 2749 797 2819 deinde
839 2748 1128 2842 axungia
1164 2710 1418 2840 adjecta
1469 2760 1848 2840 percurant.
1893 2746 2061 2814 Item
2111 2746 2644 2816 haemorrhoidas

557 2916 710 2963 cum
764 2891 913 2961 oleo
967 2890 1164 2958 viridi
1188 2943 1205 2978 ,
1228 2888 1618 2984 'phthisicos
1655 2890 1895 2982 juvant
1946 2915 2095 2959 cum
2148 2884 2363 2958 melle.
2411 2894 2641 2962 Lactis

558 3061 824 3132 quoque
864 3036 1236 3104 ubertatem
1281 3033 1539 3102 faciunt
1583 3033 1652 3099 in
1695 3032 1859 3102 cibis
1903 3046 2184 3127 sumpta.
2230 3034 2318 3101 Et
2359 3033 2643 3105 infanti-

555 3184 682 3252 bus
724 3181 890 3251 illita
932 3177 1249 3274 capillum
1292 3175 1502 3247 alunt.
1551 3180 1651 3246 Ex
1691 3191 1881 3246 aceto
1920 3177 2259 3249 edentium
2297 3183 2642 3252 Venerem

557 3327 918 3396 stimulant.

723 3878 1037 3977 clematide
1065 3882 1329 3957 aegyptia,
1362 3885 1482 3941 sive
1518 3885 1875 3961 daphnoide,
1917 3891 2036 3947 sive
2071 3895 2480 3968 polygonoide.

662 3990 665 3991 γ
715 4002 723 4015 ⁸
885 3978 947 4025 s>
983 3978 1031 3994 t„

654 4038 798 4133 XC.
845 4042 976 4109 Est·
1009 4057 1077 4111 et
1118 4042 1244 4129 alia
1289 4045 1583 4120 clematis
1608 4102 1629 4142 ‚
1681 4053 1963 4150 aegyptia
2004 4057 2399 4154 cognomine
2423 4109 2444 4146 ‚
2486 4083 2641 4152 quae
