2846 4869
465 435 539 504 51.
900 437 962 493 C.
1004 436 1242 493 PLINII
1286 435 1480 493 HIST.
1525 436 1700 492 NAT.
1746 436 1888 492 Lm.
1916 435 2131 491 XXIV.

464 562 753 635 habeant
783 615 803 651 ,
853 576 968 635 aut
1020 563 1090 631 in
1149 563 1371 639 cinctu
1406 614 1426 648 ,
1488 576 1817 656 negantur
1872 559 2359 656 intertriginem
2410 581 2555 627 sen-

465 709 613 778 tire.

1373 937 1566 1009 Erice,
1601 956 1643 993 1.

566 1116 888 1184 XXXIX.
931 1112 1172 1182 Ericen
1210 1116 1430 1187 Graeci
1465 1127 1709 1185 vocant
1749 1112 2057 1183 fruticem
2094 1134 2232 1179 non
2268 1105 2556 1179 multum

471 1287 510 1329 a
545 1263 791 1355 myrice
822 1261 1243 1332 differentem
1259 1313 1278 1347 ,
1310 1258 1535 1356 colore
1565 1257 1980 1326 rorismarini
2000 1308 2020 1344 ‚
2054 1269 2122 1322 et
2152 1274 2340 1348 paene
2369 1248 2558 1320 folio.

476 1410 622 1483 Hoc
658 1406 995 1478 adversari
1034 1405 1457 1501 serpentibus
1496 1402 1795 1474 tradunt.
1829 1428 1838 1435 ·

1333 1630 1570 1689 Genista
1588 1672 1605 1700 ,
1649 1650 1703 1688 v.
1815 1686 1822 1692 .

568 1808 713 1876 XL.
766 1810 1049 1881 Genista
1102 1833 1372 1903 quoque
1428 1806 1684 1877 vinculi
1735 1829 1935 1879 usum
1986 1818 2276 1899 praestat.
2332 1805 2385 1871 F
2388 1783 2565 1872 lores

430 2036 440 2052 ὓ
476 1948 716 2044 apibus
780 1951 1161 2045 gratissimi.
1226 1951 1485 2021 Dubito
1549 1974 1640 2021 an
1702 1950 1842 2020 haec
1906 1951 1993 2018 sit
2020 2001 2040 2033 ‚
2101 1970 2303 2042 qnam
2367 1947 2568 2041 graeci

475 2109 778 2163 auctores
811 2109 1086 2189 sparton
1113 2080 1589 2189 appellavere,
1626 2119 1833 2189 quum
1870 2119 1951 2164 ex
1981 2118 2059 2163 ea
2094 2091 2234 2161 lina
2270 2093 2565 2187 piscato-

479 2237 582 2306 ria
620 2236 952 2331 apud-eos
983 2237 1269 2308 factitari
1308 2239 1709 2309 docuerim-z
1755 2253 1825 2307 et
1861 2236 2192 2331 numquid
2230 2237 2405 2329 hanc
2445 2233 2566 2307 de-

476 2380 841 2476 signaverit
876 2387 1210 2456 Homerus
1232 2434 1257 2469 ,
1300 2408 1511 2480 quum
1557 2384 1729 2456 dixit
1766 2383 2043 2454 navium
2085 2396 2312 2478 sparta
2352 2380 2569 2452 disso-

481 2524 644 2597 luta.
714 2527 1034 2600 Nondum
1098 2532 1279 2600 enim
1336 2530 1539 2600 fuisse
1608 2529 1984 2600 africanum
2051 2525 2155 2596 vel
2212 2525 2571 2621 hispanum

481 2688 783 2766 spartum
831 2674 903 2743 in
943 2699 1110 2765 usu,
1160 2690 1425 2746 certum
1468 2690 1567 2745 est
1608 2701 1623 2744 :
1675 2688 1742 2744 et
1794 2700 2007 2769 quum
2056 2671 2287 2743 sutiles
2334 2670 2573 2740 fierent

482 2837 721 2905 naves,
756 2814 898 2886 lino
931 2834 1153 2887 tamen
1168 2777 1193 2907 ⁴,
1232 2844 1369 2888 non
1409 2832 1639 2913 sparto
1660 2870 1681 2906 ‚
1727 2842 2047 2916 umquam
2083 2831 2284 2888 sutas.
2328 2816 2572 2886 Semen

483 2961 663 3064 ejus,
691 2960 873 3055 quod
905 2963 1125 3033 Graeci
1152 2963 1388 3033 eodem
1417 2965 1694 3035 nomine
1724 2960 2096 3058 appellant,
2125 2963 2195 3030 in
2223 2957 2576 3045 folliculis,

484 3102 955 3204 phaseolorum
1021 3106 1222 3175 modo
1244 3158 1265 3194 ‚
1331 3111 1608 3176 nascens
1634 3159 1654 3193 ‚
1723 3120 1967 3201 purgat
2034 3104 2311 3175 ellebori
2373 3107 2520 3176 vice
2551 3160 2571 3196 ,

487 3244 803 3315 drachma
830 3262 899 3316 et
928 3246 1203 3316 dimidia
1231 3261 1390 3343 pota
1417 3248 1487 3317 in
1517 3273 1705 3342 aquae
1737 3246 1965 3322 mulsae
1995 3248 2249 3342 cyathis
2284 3264 2574 3343 quatuor

479 3387 749 3482 jejunis.
805 3393 999 3460 Rami
1056 3390 1360 3461 similiter
1411 3416 1565 3462 cum
1617 3390 1856 3464 fronde
1900 3392 1972 3461 in
2018 3406 2206 3461 aceto
2255 3396 2574 3464 macerati

482 3532 792 3627 pluribus
832 3534 1100 3622 diebus,
1141 3552 1209 3607 et
1261 3538 1430 3625 tusi,
1478 3561 1750 3610 succum
1807 3535 1972 3605 dant
2027 3536 2401 3607 ischiadicis
2438 3539 2574 3608 uti·

490 3679 657 3764 lem,
691 3679 913 3773 cyathi
946 3667 1165 3750 uniuss
1180 3695 1366 3776 potu.
1403 3680 1695 3770 Quidam
1735 3683 1991 3783 marina
2027 3707 2201 3777 aqua
2238 3707 2577 3753 macerare

490 3823 778 3915 malunt,
818 3842 885 3896 et
923 3826 1269 3898 infundere
1311 3826 1607 3923 clystere.

590 4098 1062 4192 Perunguntur
1089 4097 1321 4167 eodem
1355 4121 1553 4167 succo
1584 4096 1920 4168 ischiadici
1954 4098 2180 4169 addito
2209 4100 2375 4174 oleo.
2406 4102 2574 4190 Qui-
