2846 4869
464 385 538 445 58
899 387 962 444 C.
1003 387 1244 445 PLINII
1284 386 1476 445 HIST.
1518 386 1685 444 NAT.
1725 385 1866 443 LIB.
1895 384 2106 443 XXIV,

467 511 945 609 positionibus,
989 538 1159 608 quas
1196 514 1514 593 antheras
1550 528 1818 584 vocant.
1854 516 1944 584 Et
1980 510 2240 610 lignum
2280 523 2502 584 autem
2523 562 2544 598 ,

468 672 535 728 et
572 655 695 727 flos
713 710 731 745 ,
772 672 845 755 et
882 655 1036 729 folia
1053 709 1073 746 ,
1118 672 1184 726 et
1227 671 1457 727 cortex
1499 659 1569 727 in
1612 657 1877 728 eosdem
1920 680 2078 728 usus
2115 655 2546 742 adhibentur,

471 827 876 898 quamquam
927 802 1323 874 remissiora.
1380 805 1620 872 Datur,
1655 802 2044 896 sanguinem
2100 798 2549 896 rejicientibus

476 962 703 1019 cortex
745 947 942 1016 tritus
958 998 977 1035 ,
1024 961 1091 1015 et
1126 960 1361 1015 contra
1410 944 1741 1040 profluvia
1784 945 2181 1015 feminarum
2200 997 2220 1030 ‚
2266 941 2551 1014 coeliacis

477 1115 764 1185 quoque.
821 1086 1008 1159 Idem
1062 1104 1252 1159 tusus
1305 1089 1790 1184 impositusque
1843 1084 2261 1158 collectiones
2318 1110 2553 1158 omnes

474 1235 749 1304 inhibet.
789 1233 993 1305 Foliis
1029 1233 1426 1329 exprimitur
1468 1258 1704 1304 succus
1751 1200 1835 1302 ad
1875 1217 2018 1302 haec
2056 1231 2306 1341 eadem.
2350 1237 2437 1304 Et
2480 1234 2556 1302 in

471 1381 632 1448 vino
673 1368 1140 1474 decoquuntur
1184 1404 1200 1446 :
1240 1380 1382 1474 ipsa
1423 1400 1583 1464 vero
1631 1377 1892 1471 adjecto
1941 1374 2134 1448 melle
2180 1336 2560 1475 &angraenis

474 1523 847 1594 illinuntur.
885 1528 1253 1595 Deeoctum
1289 1546 1517 1594 eorum
1555 1524 1630 1592 in
1663 1525 1822 1606 vino
1869 1539 2102 1620 potum
2120 1574 2140 1612 ,
2181 1523 2289 1594 vel
2332 1525 2556 1619 impu„-

474 1671 600 1740 sita
636 1695 791 1742 cum
834 1695 1103 1741 rosaceo
1139 1683 1205 1739 et
1241 1694 1394 1738 cera
1437 1667 1692 1738 sedant.
1732 1669 1843 1740 Sic
1884 1682 1948 1738 et
1992 1666 2403 1764 epinyctidas
2447 1695 2556 1741 sa-

476 1829 658 1883 nant.
685 1813 791 1885 Ad
822 1812 1125 1884 dentium
1157 1786 1459 1883 dolorem
1485 1812 1915 1908 auriumque,
1947 1775 2296 1885 decoctum
2325 1839 2562 1885 eorum

478 1958 766 2030 salutare
814 1973 916 2029 est
955 1985 971 2028 ε
1015 1958 1207 2028 radix
1244 1957 1331 2028 ad
1380 1957 1611 2032 eadem
1649 1957 1973 2029 similiter.
2020 1956 2207 2028 Folia
2249 1959 2382 2028 hoc
2416 1980 2565 2029 am-

476 2105 685 2200 plius,
721 2103 803 2173 ad
838 2128 914 2173 ea
950 2127 1100 2198 quae
1136 2120 1414 2200 serpunt
1450 2105 1895 2199 imponuntur
1921 2128 2077 2173 cum
2116 2102 2404 2198 polenta.
2439 2106 2567 2174 Se-

478 2273 634 2317 men
680 2246 1012 2317 drachmae
1051 2248 1350 2343 pondere
1393 2249 1708 2319 adversus
1762 2246 2121 2345 phalangia
2167 2263 2236 2319 et
2284 2273 2564 2319 araneos

475 2374 748 2468 bibitur.
778 2399 953 2468 Cum
987 2392 1274 2466 altilium
1309 2418 1468 2466 vero
1497 2394 1733 2492 pingui
1767 2370 2139 2466 furunculis
2169 2395 2563 2531 imponitur.

477 2540 731 2614 Efficax
775 2556 843 2611 et
888 2556 1125 2612 eontra
1175 2541 1585 2636 serpentium
1637 2540 1849 2624 ictus,
1896 2554 2338 2635 praeterquam
2385 2525 2567 2636 aspi-

476 2687 658 2755 dum.
688 2688 850 2758 ·Nec
895 2712 1032 2764 non
1070 2685 1308 2756 morbo
1357 2686 1545 2780 regio
1570 2738 1589 2775 ,
1637 2684 2035 2780 phthiriasi,
2086 2683 2564 2781 lendibusque‚

477 2832 827 2903 decoctum
864 2832 1156 2901 infusum
1196 2792 1506 2926 prodest,
1542 2829 2157 2926 abundantiamque
2205 2793 2565 2901 mulierum

478 2980 669 3052 sistit.
708 2978 894 3050 Cinis
928 2975 1186 3046 arboris
1222 2974 1308 3044 ad
1344 2975 1572 3069 omnia
1606 2973 1836 3044 eadem
1874 2974 2172 3069 prodest.
2210 2976 2462 3067 Aiunt,
2503 2979 2563 3047 si

475 3125 666 3192 bovis
705 3120 973 3193 castrati
1012 3119 1221 3189 urinae
1259 3120 1744 3207 immisceatur,
1779 3118 1849 3187 in
1887 3134 2053 3214 potu
2071 3173 2091 3204 ‚
2131 3119 2231 3190 vel
2271 3121 2342 3190 in
2375 3123 2529 3191 cibo
2548 3174 2571 3206 ,

475 3270 809 3335 Venerem
851 3265 1049 3335 finiri.
1093 3264 1447 3359 Carboque
1484 3289 1567 3333 ex
1600 3288 1680 3333 eo
1712 3288 1954 3359 genere
1988 3265 2181 3334 urina
2219 3290 2297 3335 ea
2327 3267 2571 3337 restin-

480 3427 627 3481 ctus
658 3411 727 3479 in
764 3410 1002 3478 umbra
1039 3408 1353 3478 conditur
1387 3434 1403 3477 :
1446 3407 1656 3494 idem,
1690 3431 1901 3502 quum
1943 3405 2147 3478 libeat
2180 3410 2570 3500 accendere,

481 3553 852 3628 resolvitur.
907 3554 1089 3650 Magi
1147 3555 1215 3622 id
1272 3568 1339 3622 et
1396 3579 1478 3623 ex
1534 3551 1846 3649 spadonis
1907 3555 2101 3623 urina
2152 3553 2296 3625 fieri
2352 3543 2610 3625 tradi-'

484 3705 746 3776 derunt.
