2846 4869
498 377 574 446 48
963 373 1027 428 C.
1068 370 1303 427 PLINII
1346 368 1540 426 HIST.
1586 369 1755 425 NAT.
1800 369 1942 424 LIB.
1975 368 2200 425 XXIV.

512 500 873 597 epiphoris,
908 500 1127 567 Datur
1159 493 1532 582 convulsis,
1570 495 1822 588 ruptis,
1860 494 2301 583 torminibus,
2344 495 2557 564 vulvis
2579 547 2600 582 ,

512 644 887 718 ischiadicis
924 668 1079 712 cum
1120 643 1277 711 vino
1319 638 1476 710 albo
1515 654 1753 735 potum
1793 637 2019 734 pilulis
2064 642 2439 733 quaterniS,
2483 657 2602 712 aut

511 789 801 863 decoctis
836 787 1076 882 viginti
1119 787 1190 855 in
1231 786 1407 853 vino.
1458 754 1791 877 Sunt'qui
1827 799 1900 857 et
1933 800 2310 881 perungant
2353 812 2600 881 corpus

511 963 547 1007 e
584 936 833 1007 semine
868 934 1010 1028 ejus
1048 934 1121 1000 in
1156 932 1568 1028 serpentium
1608 946 1813 999 metu,

1160 1647 1370 1718 salice,
1409 1667 1533 1705 xiv.
1567 1647 1868 1719 Amerina,
1903 1667 1946 1705 1.

614 1858 964 1927 XXXVII.
985 1844 1071 1953 ⁶9.
1111 1856 1342 1928 Salicis
1376 1856 1632 1928 fructus
1668 1872 1823 1928 ante
1859 1824 2311 1926 maturitatem
2344 1857 2414 1925 in
2454 1880 2604 1925 ara·

519 2022 712 2067 neam
754 1999 893 2067 abit
927 2024 943 2066 ε
984 1999 1101 2068 sed
1140 2000 1194 2070 si
1229 2002 1416 2095 prius
1457 1999 1834 2096 colligatur,
1872 2001 2264 2096 sanguinem
2304 2000 2605 2095 rejicien-

519 2141 699 2210 tibus
737 2141 1029 2235 prodest.
1073 2145 1358 2213 Corticis
1399 2170 1436 2214 e
1471 2146 1673 2215 ramis
1712 2146 1945 2239 primis
1985 2147 2151 2214 cinis
2173 2198 2192 2231 ‚
2235 2144 2502 2220 clavum
2538 2157 2605 2211 et

520 2283 764 2354 callum
803 2311 975 2381 aqua
1016 2290 1221 2358 mixta
1261 2303 1466 2358 sanat.
1505 2290 1689 2360 Vitia
1725 2291 1894 2360 cutis
1936 2291 2005 2358 in
2049 2289 2216 2359 facie
2250 2256 2604 2374 emendat,

521 2431 733 2526 magis
780 2430 1075 2504 admixto
1121 2457 1321 2502 succo
1367 2458 1511 2503 suo.
1557 2437 1675 2503 Est
1723 2449 1947 2504 autem
1997 2433 2106 2503 hic
2155 2434 2358 2504 trium
2409 2457 2644 2528 gene—-

521 2599 695 2644 rum.
730 2576 962 2644 Unum
1004 2576 1204 2645 arbor
1247 2578 1387 2673 ipsa
1428 2577 1708 2654 exsudat
1741 2580 2112 2673 gummium
2156 2577 2377 2647 mode.
2421 2576 2610 2647 Alte-

521 2746 674 2790 rum
707 2736 936 2790 manat
970 2722 1040 2814 in
1078 2721 1270 2816 plaga
1292 2772 1311 2808 ,
1352 2746 1565 2814 quum
1600 2722 1824 2810 floret,
1861 2724 2078 2791 exciso
2115 2722 2365 2791 cortice
2398 2722 2608 2790 trium

524 2865 887 2961 digitorum
916 2865 1391 2959 magnitudine.
1418 2866 1547 2934 Hic
1572 2866 1659 2934 ad
1682 2866 2106 2961 expurganda
2124 2918 2143 2952 ,
2170 2888 2319 2959 quae
2342 2865 2610 2934 obstent

525 3008 736 3081 oculis
772 3035 806 3078 ε.
829 3009 990 3086 item
1024 3008 1110 3076 ad
1145 2993 1489 3101 spissanda
1528 3033 1676 3103 quae
1714 3034 1885 3104 opus
1926 3024 2084 3080 sunt
2106 3061 2124 3097 ,
2168 3007 2612 3103 ciendamque

526 3156 789 3224 urinam
819 3204 840 3242 ,
894 3168 961 3223 et
1018 3152 1103 3223 ad
1148 3178 1380 3223 omnes
1435 3151 1859 3224 collectiones
1907 3137 2089 3222 intus
2139 3152 2608 3223 extrahendas.

524 3300 788 3368 Tertius
835 3325 1070 3372 succus
1117 3313 1217 3368 est
1258 3297 1763 3368 detruncatione
1804 3322 2144 3367 ramorum
2198 3323 2239 3367 a
2291 3296 2457 3368 falce
2498 3296 2605 3366 di-

525 3441 800 3514 stillans.
835 3448 938 3516 Ex
973 3444 1078 3513 his
1116 3467 1276 3539 ergo
1309 3442 1549 3537 aliquis
1588 3468 1741 3514 cum
1781 3468 2055 3515 rosaceo
2097 3444 2166 3511 in
2205 3442 2428 3538 calyce
2476 3468 2604 3543 pu·

528 3590 660 3658 nici
709 3585 1026 3656 calfactus
1080 3587 1353 3656 auribus
1405 3585 1788 3655 infunditur
1829 3613 1844 3654 ε
1898 3585 2002 3656 vel
2053 3586 2210 3656 folia
2258 3603 2447 3658 cocta
2469 3640 2488 3673 ‚
2540 3604 2611 3658 et

527 3758 681 3802 cum
714 3756 866 3801 cera
902 3731 1057 3799 trita
1091 3730 1534 3824 imponuntur
1564 3756 1579 3798 ε
1617 3732 1773 3798 item
1810 3731 2209 3827 podagricis.
2241 3732 2513 3801 Cortice
2544 3746 2612 3801 et

529 3876 702 3947 foliis
742 3876 815 3944 in
865 3875 1024 3944 vino
1080 3874 1366 3948 decoctis
1411 3874 1623 3942 foveri
1674 3899 1911 3943 nervos
1965 3873 2410 3944 utilissimum.
2455 3875 2609 3947 Flos

535 4023 732 4090 tritus
767 4045 917 4090 cum
958 4017 1132 4087 foliis
1168 4017 1454 4088 furfures
1490 4033 1732 4111 purgat
1765 4020 1836 4087 in
1868 4018 2050 4088 facie.
2093 4019 2280 4089 Folia
2311 4023 2607 4096 ‚contrita
