2846 4869
525 380 601 444 94
953 374 1015 429 e.
1058 351 1298 430 PL1N11‘
1328 375 1519 431 H1sT.
1564 375 1736 429 ΝΑΤ.
1777 376 1915 430 Lm.
1946 376 2158 432 xxlv.

531 497 874 564 Siccantur
914 498 982 566 in
1020 501 1305 587 umbra,
1338 513 1412 567 ut
1456 499 1620 568 cinis
1664 514 2103 570 crematorum
2146 526 2340 571 uvam
2384 502 2591 596 repri-

532 653 684 706 mat.
745 638 930 707 Folia
982 666 1245 734 quoque
1298 641 1583 709 arefacta
1647 656 1712 709 et
1763 655 2045 711 contus'a
2067 694 2086 726 ,
2143 644 2592 736 jumentorum

534 782 865 851 ulceribus
913 783 1098 852 utilia
1143 783 1516 853 traduntur.
1570 788 1806 873 Mora,
1860 811 2007 879 quae
2050 788 2119 855 in
2166 788 2267 856 his
2314 813 2594 879 nascun-

535 940 664 1014 tur,
702 925 805 1022 vel
852 924 1283 996 efficaciorem
1327 928 1715 1025 stomaticen
1753 929 2198 1021 praebuerint,
2245 947 2445 1024 quam
2495 958 2596 1000 sa·-

384 1067 387 1068 ’
432 1159 437 1164 ,
535 1072 670 1138 tiva
707 1094 949 1138 morus,
988 1069 1233 1138 Eadem
1270 1070 1783 1163 compositione,
1815 1071 1918 1140 vel
1951 1098 2102 1142 cum
2140 1073 2594 1167 hypocisthide

535 1227 790 1281 tantum
831 1226 896 1279 et
932 1210 1119 1280 melle
1158 1212 1481 1290 bibuntur
1518 1214 1587 1280 in
1620 1211 1918 1301 cholera,
1959 1230 2110 1308 eta
2145 1203 2494 1304 cardiaciS,
2535 1233 2600 1286 et

535 1372 764 1425 contra
810 1379 1100 1439 araneos·

637 1848 819 1915 Inter
878 1849 1357 1916 medicamenta
1380 1902 1398 1936 ,
1425 1911 1429 1915 .
1456 1873 1602 1942 quae
1644 1852 1923 1944 styptica
1976 1862 2254 1934 vocant,
2303 1844 2465 1940 nihil
2509 1847 2603 1914 ef-

537 1988 799 2058 ficacius
852 1991 1001 2059 rubi
1046 2017 1231 2060 mora
1279 1959 1550 2061 ferentis
1603 1993 1822 2063 radice
1859 1994 2145 2067 ,decocta
2198 1994 2263 2059 in
2314 1993 2471 2058 vino
2519 1990 2603 2057 ad

540 2134 765 2199 tertias
819 2148 1076 2226 parteS,
1134 2151 1208 2203 ut
1266 2133 1641 2205 colluantur
1682 2162 1761 2205 eo
1818 2138 1950 2205 oris
2001 2135 2221 2204 ulcera
2251 2187 2269 2222 ,
2323 2150 2388 2203 et
2430 2132 2604 2202 sedis

538 2261 887 2340 foveantur
942 2275 1334 2367 t'tantaque
1382 2276 1479 2343 vis
1539 2289 1687 2362 est,
1744 2292 1818 2344 ut
1876 2277 2167 2369 spongiae
2223 2275 2376 2368 ipsae
2435 2271 2605 2366 lapi·

540 2413 822 2484 descant.
846 2508 853 2517 ἱ

1323 2623 1650 2714 Cynosbato
1665 2682 1681 2710 ,
1720 2659 1821 2695 111.

635 2848 941 2917 LXXIV.
979 2845 1275 2939 Alterum
1319 2874 1526 2942 genus
1565 2849 1885 2935 rubissest,
1930 2849 1997 2915 in
2039 2871 2172 2938 quo
2215 2869 2365 2913 rosa
2402 2845 2612 2912 nasci-

490 3026 501 3037 ·
541 3003 671 3061 tur.
713 2990 947 3084 Gignit
989 2988 1263 3084 pilulam
1305 3008 1622 3061 cast-aneae
1662 2991 1983 3077 similem,
2028 2989 2357 3082 praecipuo
2394 3012 2610 3054 reme-

541 3106 652 3201 dio
693 3133 1054 3203 calculosis.
1100 3134 1250 3204 Alia
1288 3151 1388 3203 est
1428 3132 1873 3233 cynorrhoda,
1919 3158 2117 3226 quam
2153 3132 2459 3224 proximo
2507 3129 2610 3197 di-

538 3286 764 3342 'cemus
799 3275 1152 3344 volumine.

648 3424 750 3504 14.
807 3419 1230 3513 Cynosbaton
1283 3417 1390 3487 alii
1446 3420 1900 3513 cynapanxin,
1964 3416 2073 3485 alii
2127 3432 2606 3510 neurospaston

541 3575 781 3628 vocant
820 3588 834 3628 :
881 3561 1114 3631 solium
1154 3562 1356 3630 habet
1403 3563 1676 3656 vestigio
1725 3561 2009 3628 hominis
2056 3557 2283 3627 simile.
2337 3564 2495 3627 Fert
2542 3574 2606 3628 et

542 3730 737 3774 uvam
793 3707 1094 3800 nigram,
1155 3707 1223 3771 in
1279 3706 1468 3796 cujus
1529 3680 1725 3771 acino*
1784 3728 2058 3771 nervum
2120 3703 2316 3770 habet
2348 3756 2365 3790 ,
2426 3704 2606 3771 unde

542 3864 1008 3943 neurospastos
1070 3847 1333 3915 dicitur.
1396 3848 1546 3916 Alia
1602 3837 1697 3916 est
1746 3873 1780 3915 a
1832 3847 2148 3941 cappari,
2204 3872 2402 3939 quam
2466 3872 2606 3915 me-

546 3993 676 4060 dici
732 3993 1133 4085 cynosbaton
1184 3991 1698 4084 appellaverunt.
1751 3993 1964 4087 Hujus
2018 3991 2316 4083 thyrst1S,
2366 3989 2451 4058 ad
2500 4015 2606 4058 re-
