2846 4869
509 455 582 513 86
923 457 985 517 C.
1026 460 1262 516 PLINII
1302 462 1493 517 HIST.
1538 463 1709 518 NAT.
1751 463 1894 519 LIB.
1932 463 2151 520 XXIV.

1334 648 1541 703 Acac‘ia
1567 689 1584 717 ‚
1621 667 1761 703 v111.

570 821 878 889 ‘LXVIL
928 823 1048 890 Est
1098 836 1164 889 et
1208 824 1425 891 acacia
1472 847 1509 889 e
1562 824 1768 918 spina.
1815 823 1919 890 Fit
1972 824 2042 889 in
2093 824 2374 916 AEgypto
2431 819 2580 888 alba

512 966 833 1057 nigraque
872 966 1139 1052 arbore,
1180 967 1338 1034 item
1375 965 1612 1055 viridi,
1655 967 1769 1036 sed
1819 965 2012 1062 longe
2053 966 2285 1035 melior
2324 993 2361 1036 e
2398 968 2578 1060 prio·

512 1108 719 1182 ribus.»
766 1110 874 1178 Fit
927 1124 994 1178 et
1045 1113 1111 1178 in
1162 1095 1429 1180 Galatia
1469 1113 1860 1197 deterrima,
1910 1113 2274 1206 spinosiore
2319 1112 2577 1197 arbore.

511 1253 747 1320 Semen
784 1253 1083 1321 omnium
1126 1252 1456 1323 lenticulae
1488 1253 1698 1324 simile
1734 1282 1749 1323 :
1786 1257 2043 1324 minore
2076 1270 2176 1324 est
2216 1269 2480 1323 tantum
2515 1270 2580 1321 et

513 1391 723 1489 grano
763 1389 835 1464 et
872 1393 1188 1466 folliculo,
1229 1397 1587 1493 Colligitur
1619 1405 1990 1483 autumno:
2028 1415 2182 1468 ante
2229 1396 2580 1480 collectum

513 1543 717 1609 nimio
765 1533 1062 1612 validius.
1114 1546 1448 1638 Spissatur
1493 1569 1726 1613 succus
1768 1570 1848 1612 ex
1887 1544 2192 1613 folliculis
2238 1569 2407 1637 aqua
2462 1568 2582 1611 cae·

513 1682 658 1753 lesti
690 1685 989 1778 perfusis
1028 1711 1044 1754 ε
1098 1709 1253 1756 mox
1304 1688 1373 1754 in
1416 1684 1554 1780 pila
1599 1689 1763 1755 tusis
1814 1687 2210 1781 exprimitur
2255 1689 2522 1782 organis
2567 1714 2581 1753 ε

511 1841 673 1897 tuuc
723 1827 1037 1908 densatur
1080 1831 1146 1897 in
1190 1827 1694 1898 sole-mortariis
1745 1831 1816 1897 in
1866 1828 2181 1923 pastillos.
2232 1831 2338 1897 Fit
2384 1844 2452 1897 et
2501 1854 2583 1897 ex

511 1970 683 2040 foliis
740 1974 961 2076 minus
1018 1971 1269 2041 efficax,
1326 1971 1429 2043 Ad
1478 1974 1657 2043 coria
1708 1973 2111 2067 perficienda
2162 1974 2409 2046 semine
2458 1998 2581 2065 pro

512 2113 685 2207 galla
727 2128 1032 2183 utuntur.
1076 2109 1693 2185 Foliorum'suceus
1734 2131 1801 2184 et
1850 2116 2142 2209 galaticae
2195 2117 2427 2184 acaciae
2479 2117 2583 2183 ni·

514 2259 838 2350 gerrimus
878 2259 1294 2350 improbatur
1338 2285 1355 2327 ε
1397 2260 1566 2328 item
1604 2261 1720 2353 qui
1760 2258 1950 2327 valde
1989 2259 2196 2327 rufus.
2237 2262 2583 2353 Purpurea

513 2413 628 2468 aut
665 2396 1038 2495 leucophaea
1064 2457 1082 2491 ‚
1120 2416 1186 2471 et
1226 2428 1373 2496 quae
1412 2400 1718 2472 facillime
1760 2403 2065 2489 diluitur,
2107 2379 2172 2471 vi
2208 2428 2466 2495 summa
2500 2401 2584 2471 ad

512 2542 928 2637 spissandum
979 2546 1636 2641 refrigerandumque
1688 2564 1786 2617 est
1817 2600 1836 2637 ,
1889 2547 2235 2617 oculorum
2293 2547 2627 2616 medica--

512 2689 749 2757 mentis
792 2705 948 2757 ante
992 2690 1150 2759 alias
1192 2691 1403 2763 utiles,
1460 2695 1802 2762 Lavantur
1853 2694 1920 2760 in
1970 2717 2080 2761 eos
2126 2717 2284 2763 usus
2337 2691 2583 2785 pastilli

511 2829 594 2899 ab
630 2828 810 2917 aliis,
861 2848 1200 2903 torrentur
1247 2837 1329 2903 ab
1378 2835 1540 2905 aliis,
1583 2835 1914 2929 Capillum
1956 2838 2242 2930 tingunt.

609 3532 855 3601 Sanant
901 3537 1120 3629 ignem
1169 3537 1472 3620 sacrum,
1526 3534 1747 3605 ulcera
1800 3562 1945 3630 quae
1983 3551 2297 3630 serpunt,
2347 3550 2415 3603 et
2459 3536 2592 3603 hu-

515 3675 694 3745 mida
750 3679 908 3747 vitia
965 3681 1302 3773 corporiS‚
1353 3678 1812 3766 collectioneS‚
1864 3681 2178 3751 articulos
2231 3694 2586 3767 contuSOS‚

512 3823 901 3915 pernioneS‚
936 3824 1259 3917 pterygia.
1297 3823 1787 3893 Abundantiam
1825 3827 2147 3894 mensium
2204 3828 2272 3893 in
2323 3823 2588 3893 feminis

511 3936 776 4056 sistunt,
809 3963 1226 4058 vulvamque,
1262 3982 1329 4034 et
1366 3965 1614 4054 sedem,
1651 3969 2087 4062 procidentes.
2122 3973 2293 4039 Item
2328 3967 2588 4052 oculos,

513 4113 645 4183 oris
683 4110 874 4198 vitia,
914 4125 976 4179 et
1016 4109 1428 4205 genitalium.
