2846 4869
483 429 593 470 100
915 410 978 465 c,
1019 408 1251 465 PL1N11
1291 408 1484 465 ms‘r.
1525 408 1699 465 NAT.
1745 409 2127 479 maxxlv.

385 607 389 612 ,
475 538 601 608 bus
647 534 715 605 in
751 533 927 604 lacte
964 548 1198 603 contra
1234 531 1587 627 profluvia.
1631 531 1848 602 Indici
1890 532 2262 603 differentia
2281 585 2303 624 ,
2348 534 2554 629 glebis

476 682 879 750 extrinsecus
916 678 1164 772 nigriS,
1201 676 1382 745 intus
1419 676 1580 745 rufis
1602 727 1622 765 ,
1668 669 1877 770 quum
1912 676 2187 773 fregeris
2209 731 2228 763 ‚
2273 680 2407 748 cito
2453 681 2558 747 ni-

480 825 951 922 grescentibus.
999 822 1370 917 Adstringit
1421 820 1849 890 vehementer
1892 847 2046 891 cum
2094 822 2555 894 amaritudine.

477 970 580 1041 Ad
621 968 853 1039 eadem
887 966 1113 1037 omnia
1145 964 1308 1035 utile
1343 980 1485 1055 est,
1524 965 1640 1036 sed
1678 966 2010 1061 praecipue
2046 965 2131 1035 ad
2172 966 2503 1061 genitalia.

1285 1677 1610 1736 sarcocolla
1624 1717 1643 1749 ,
1681 1697 1752 1733 11.

564 1872 937 1941 LXXVIII.
986 1873 1156 1940 Sunt
1203 1870 1317 1964 qui
1367 1884 1435 1939 et
1487 1868 1914 1940 sarcocollam
1949 1870 2153 1963 spinae
2192 1867 2552 1962 lacrymam

469 2027 708 2109 putent
727 2064 746 2100 ‚
784 2012 1020 2109 pollini
1058 2012 1270 2082 thuris
1309 2011 1591 2083 similem
1610 2066 1630 2102 ‚
1670 2036 1826 2083 cum
1862 2011 2152 2106 quadam
2180 2010 2548 2081 acrimonia

468 2154 730 2226 dulcem
751 2207 772 2239 ‚
807 2156 1316 2250 gumminosam.
1359 2161 1534 2228 Cum
1570 2157 1729 2225 vino
1769 2171 1919 2226 tusa
1960 2154 2133 2223 sistit
2174 2153 2494 2222 fluxiones
2527 2159 2549 2221 ἐ

467 2296 749 2367 illinitur
783 2298 1166 2369 infantibus
1197 2301 1547 2370 Vetustate
1582 2315 1650 2369 et
1681 2300 1822 2370 haec
1854 2299 2144 2368 maxime
2176 2297 2538 2394 nigrescit:

465 2443 732 2535 melior,
770 2471 907 2542 quo
945 2444 1313 2515 candidior.

1313 2816 1567 2893 Oporice
1586 2858 1604 2890 ‚
1636 2838 1705 2875 11.

454 2980 455 2983 Ἴ
554 3017 866 3085 LXXIX.
909 3017 1143 3085 Unum
1183 3017 1547 3084 etiamnum
1591 3015 1904 3083 arborum
1947 3012 2295 3083 medicinis
2339 3012 2545 3095 debe-

456 3174 569 3228 tur
608 3142 831 3228 nobile
882 3157 1442 3228 medicamentum
1466 3210 1485 3246 ,
1533 3157 1711 3251 quod
1763 3158 2075 3252 oporicen
2115 3171 2377 3227 vocant.
2431 3159 2545 3227 Fit

455 3301 542 3371 ad
576 3302 1019 3397 dysentericos
1049 3302 1509 3395 stomachique
1544 3301 1735 3389 vitia,
1757 3301 1829 3383 in
1860 3302 2098 3396 congio
2131 3302 2334 3370 musti
2367 3299 2538 3393 albi,

459 3446 642 3515 lento
679 3470 927 3539 vapore
967 3445 1254 3515 decoctis
1291 3442 1483 3514 malis
1523 3445 1818 3514 cotoneis
1860 3445 2155 3539 quinque
2189 3470 2343 3514 cum
2395 3445 2536 3515 suis

453 3590 848 3676 seminihuS‚
879 3591 1139 3684 punicis
1175 3588 1497 3678 totidem,
1538 3588 1887 3657 sorborum
1931 3590 2248 3679 sextario,
2278 3603 2346 3658 et
2382 3591 2534 3684 pari

451 3760 763 3805 mensura
795 3735 940 3829 ejus
971 3731 1154 3827 quod
1185 3733 1363 3802 rhun
1407 3733 1715 3828 syri-acon
1749 3749 2023 3824 vocant,
2054 3736 2235 3806 croci
2267 3760 2533 3806 semun-

449 3881 571 3950 cia.
604 3881 936 3974 Coquitur
974 3901 1185 3971 usque
1216 3875 1301 3946 ad
1339 3878 1843 3949 crassitudinem
1876 3878 2109 3950 mellis,
