2846 4869
537 421 648 480 106
959 424 1020 481 C.
1063 423 1300 482 PLINII
1341 426 1533 483 HIST.
1578 427 1755 482 NAT.
1801 428 1940 486 LIB.
1972 428 2190 488 XXIV.

535 547 888 644 caligineS,
923 550 1282 622 nubeculas
1322 551 1389 622 in
1427 554 1582 623 vino
1621 569 1810 623 cocta
1832 607 1851 639 ‚
1892 555 2182 625 inuncta.
2216 556 2452 629 Vulvae
2487 559 2614 629 do-

535 692 706 763 lores
747 692 929 763 sedat
969 693 1270 789 adposita
1313 695 1382 794 iu
1421 694 1712 766 linteolo.
1747 696 1951 767 Tollit
1996 713 2063 767 et
2112 725 2421 771 verrucas
2465 729 2614 773 om-

531 839 720 907 nium
755 861 1072 932 generum
1108 837 1290 909 illita.
1324 839 1602 911 Prodest
1636 856 1701 911 et
1730 842 2206 939 orthopnoicis,
2250 915 2258 922 ,

1219 1444 1590 1502 Chamaecisso
1621 1446 1798 1502 herba
1813 1487 1831 1516 ,
1874 1425 1920 1501 1.-

622 1637 995 1708 LXXXIV.
1032 1637 1505 1709 Chamaecissos
1547 1639 1800 1733 spicata
1828 1591 1941 1707 ‘est
1980 1636 2184 1706 tritici
2227 1633 2425 1704 modo
2444 1687 2463 1723 ‚
2508 1661 2613 1704 ra-

533 1777 730 1848 mulis
765 1780 986 1874 quinis
1025 1780 1162 1850 fere
1183 1833 1202 1867 ‚
1241 1779 1473 1850 foliosa
1505 1806 1520 1848 t
1557 1805 1764 1874 quum
1805 1780 2034 1868 floret,
2078 1779 2436 1849 existimari
2489 1805 2611 1873 po-

528 1936 658 1991 test
702 1921 854 1992 alba
903 1923 1076 1993 viola
1097 1976 1117 2014 ,
1162 1924 1386 1994 radice
1434 1925 1621 1995 tenui
1668 1949 1685 1993 :
1738 1925 1927 2019 cujus
1970 1923 2213 1993 bibunt
2261 1923 2609 1993 ischiadici

525 2063 686 2135 folia
744 2067 956 2135 tribus
1015 2065 1226 2137 obolis
1252 2120 1271 2156 ,
1334 2069 1403 2136 in
1465 2069 1602 2137 vini
1664 2067 1917 2162 cyathis
1975 2066 2234 2137 duobus
2266 2119 2285 2155 ‚
2342 2081 2606 2162 septem

528 2207 760 2278 diebus
781 2260 801 2298 ,
843 2210 1202 2282 admodum
1241 2236 1470 2282 amara
1505 2212 1801 2306 potione.

872 2537 1252 2596 Chamaeleuce
1266 2579 1284 2610 ,
1320 2538 1440 2595 sive
1465 2537 1675 2595 farfaro
1691 2579 1708 2608 ,
1740 2538 1859 2595 sive
1888 2536 2131 2612 farfugio
2145 2578 2164 2608 ,
2203 2557 2244 2593 1.

615 2750 953 2819 LXXXV.
989 2745 1485 2854 Chamaeleucen
1524 2746 1701 2841 apud
1745 2772 1864 2817 nos
1908 2744 2223 2816 farfarum
2239 2798 2258 2834 ‚
2293 2747 2431 2815 sive
2463 2745 2603 2816 far-

515 2892 773 2986 fugium
829 2905 1089 2961 vocant.
1147 2891 1464 2961 Nascitur
1517 2915 1705 2961 secus
1757 2890 1996 2961 fluvios
2022 2945 2041 2979 ‚
2097 2888 2257 2961 folio
2312 2888 2599 2987 populi,

521 3035 636 3104 sed
693 3034 1034 3129 ampliore.
1102 3033 1317 3105 Radix
1375 3034 1520 3128 ejus
1588 3036 1957 3129 imponitur
2015 3035 2414 3105 carbonibus
2473 3060 2599 3104 cu-

517 3183 763 3274 pressi,
808 3196 1007 3276 atque
1060 3182 1115 3250 is
1165 3179 1362 3250 nidor
1413 3205 1534 3273 per
1579 3177 2066 3252 infurnibulum
2120 3180 2468 3250 imbibitur
2525 3182 2597 3249 in

520 3340 738 3396 vetere
767 3327 949 3397 tussi.

509 3670 929 3743 Chamaepeuce,
947 3688 1000 3724 v,
1032 3668 1566 3745 chamaecyparisso,
1590 3687 1661 3724 11.
1688 3667 2130 3744 Ampelopraso,
2155 3686 2238 3724 vx.
2264 3666 2524 3742 stachye,
2553 3687 2596 3723 1.

607 3865 979 3933 LXXXVI.
1027 3862 1507 3956 Chamaepeuce
1552 3859 1772 3932 laricis
1811 3860 1973 3932 folio
2017 3860 2249 3933 similis
2270 3915 2291 3950 ‚
2313 3860 2595 3931 'lumbo-

509 4035 661 4079 rum
695 4025 763 4079 et
794 4009 998 4103 spinae
1035 4006 1379 4079 doloribus
1414 4008 1690 4102 propria
1730 4022 1848 4077 est.
