2846 4869
446 413 482 474 ι,
884 408 949 495 c.
989 407 1223 466 PLmn
1260 408 1454 466 ms'r.
1491 404 1671 467 ΕΔΤ.
1714 395 1860 466 Lm.
1889 411 2114 467 xxnr.

447 533 702 604 Ferulae
750 537 950 606 asinis
999 538 1378 631 gratissimo
1432 552 1589 606 sunt
1639 538 1709 605 in
1760 535 2049 632 pabulo,
2099 539 2331 605 ceteris
2382 561 2539 606 vero

440 679 764 771 jumentis
797 695 1253 774 praesentaneo
1295 706 1557 779 veneno
1590 706 1606 749 ε
1647 705 1780 774 qua
1817 680 1902 749 de
1953 705 2149 750 causa
2186 679 2255 748 id
2290 680 2538 749 animal

445 824 692 894 Libero
734 827 909 919 patri
951 827 1363 922 adsignatur,
1395 829 1506 896 cui
1540 840 1608 896 et
1646 826 1878 895 ferula.
1920 827 2155 896 Surdis
2190 827 2389 896 etiam
2431 852 2539 896 re-

444 994 596 1037 rum
631 995 750 1039 sua
793 971 1034 1065 cuique
1071 985 1228 1041 sunt
1267 990 1561 1061 venena,
1600 996 1678 1040 ac
1716 972 2011 1042 minimis
2052 998 2341 1067 quoque.
2381 973 2540 1042 Phi-

444 1114 587 1210 lyra
635 1118 775 1186 coci
819 1132 885 1186 et
936 1117 1186 1212 polline
1229 1118 1513 1186 nimium
1551 1116 1757 1187 salem
1796 1118 1959 1189 cibis
1994 1120 2317 1188 eximunt.
2360 1123 2540 1188 Prae-

449 1259 748 1330 dulcium
808 1261 1150 1332 fastidium
1212 1260 1308 1331 sal
1368 1277 1719 1356 temperat.
1777 1263 2069 1333 Nitrosae
2127 1278 2245 1332 aut
2300 1264 2542 1332 a'marae

384 1436 391 1441 ·
446 1430 673 1500 aquoe,
716 1404 987 1502 polenta
1039 1406 1265 1476 addita
1306 1408 1741 1500 mitigantur,
1789 1422 1864 1475 ut
1916 1408 2096 1478 intra
2134 1407 2300 1476 duas
2336 1409 2540 1477 horas

445 1551 589 1620 bibi
628 1553 904 1647 possint.
948 1520 1107 1643 Qua
1155 1551 1238 1621 de
1290 1577 1490 1621 causa
1532 1552 1603 1621 in
1654 1577 1878 1624 saccos
1930 1554 2223 1623 vinarios
2273 1553 2542 1623 additur

446 1695 738 1793 polenta.
785 1694 1035 1793 Similis
1087 1697 1186 1765 vis
1234 1694 1488 1764 rhodiae
1532 1711 1729 1764 cretoe
1750 1747 1770 1782 ,
1817 1709 1884 1766 et
1930 1694 2180 1792 argillae
2234 1701 2537 1767 nostrati.

448 1840 833 1912 Concordia
877 1838 1142 1929 valent,
1192 1865 1400 1933 quum
1451 1838 1567 1933 pix
1614 1835 1763 1907 oleo
1813 1841 2220 1931 extrahitur,
2268 1840 2538 1934 quando

449 2003 812 2083 utrumque
844 1985 1116 2081 pinguis
1147 1999 1403 2081 naturae
1438 2000 1557 2055 est.
1575 1986 1831 2060 ,Oleum
1866 1984 2083 2056 solum
2111 1982 2279 2055 calci
2307 1987 2543 2055 misce-

448 2152 594 2224 tur,
638 2134 908 2229 quando
961 2148 1324 2230 utrumque
1364 2157 1572 2227 aquas
1613 2133 1775 2203 odit.
1826 2134 2105 2205 Gummi
2152 2148 2340 2203 aceto
2378 2133 2545 2203 faci-

446 2283 580 2377 lius
612 2280 882 2369 eluitur,
913 2266 1361 2350 atramentum
1395 2305 1590 2375 aqua.
1621 2285 1984 2352 Innumera
2023 2296 2346 2376 praeterea
2377 2279 2542 2369 alia,

450 2453 598 2526 quae
632 2426 768 2496 suis
802 2424 964 2495 locis
1000 2423 1307 2496 dicentur
1341 2424 1621 2496 assidue.

554 3513 730 3582 Hinc
761 3525 919 3580 nata
957 3508 1308 3581 medicina.
1350 3512 1512 3579 Haec
1554 3508 1691 3580 sola
1732 3498 1991 3578 naturae
2028 3506 2371 3603 placuerat
2407 3530 2552 3574 esse

453 3656 749 3727 remedia
791 3671 1022 3750 parata
1064 3653 1305 3750 vulgo,
1354 3657 1633 3724 inventu
1674 3652 1929 3743 facilia,
1974 3679 2050 3724 ac
2095 3654 2238 3722 sine
2282 3653 2551 3745 impen-

452 3806 604 3891 dio,
640 3819 705 3874 et
737 3799 977 3898 quibus
1018 3802 1320 3870 vivimus.
1361 3805 1600 3870 Postea
1639 3799 1910 3869 fraudes
1952 3800 2299 3868 hominum
2334 3811 2402 3864 et
2442 3796 2549 3863 in-

455 3952 807 4046 geniorum
839 3963 1132 4042 capturae
1156 3944 1464 4039 “officinas
1498 3946 1807 4013 invenere
1839 3946 2024 4028 istas,
2052 3942 2121 4008 in
2156 3939 2403 4033 quibus
2433 3963 2552 4007 sua

455 4095 700 4188 cuique
737 4092 995 4163 homini
1039 4088 1291 4161 venalis
1337 4090 1755 4184 promittitur
1785 4088 1951 4158 vita.
1994 4087 2234 4156 Statim
2278 4106 2552 4176 compo-

736 4235 744 4284 ι
