2846 4869
527 423 599 482 m.
842 372 846 376 ⁵
959 414 1021 470 e.
1063 416 1301 471 PL1N11
1341 415 1534 473 msr.
1578 417 1747 473 NAT.
1788 416 2173 475 mextv.

525 541 1149 612 commanducatum
1200 539 1587 613 vulneribus
1638 539 2064 613 utilissimum
2102 558 2346 638 putant
2390 570 2405 611 ε
2448 542 2601 614 folia

525 687 682 755 trita
736 710 907 780 aqua
954 676 1269 780 *adspersa
1318 683 1566 780 pedum
1618 660 1887 771 tumori.
1942 673 2206 759 Humor
2258 712 2534 783 quoque
2568 714 2604 756 e

524 827 843 919 medulla,
868 829 966 897 uti
996 827 1315 920 diximuS,
1344 843 1642 901 castratae
1673 831 1930 901 arboris
1960 832 2264 919 effluenS‚
2288 831 2607 929 capillum

521 971 739 1043 reddit
779 973 981 1065 capiti
1019 968 1257 1060 illitus,
1294 971 1793 1066 defluentesque
1827 976 2146 1044 continet.

1225 1365 1374 1422 Tilia
1391 1407 1408 1435 ,
1436 1384 1491 1422 v.
1526 1366 1788 1423 Oleastro
1809 1408 1826 1434 ,
1865 1386 1908 1421 1.

620 1581 940 1651 XXXIV.
991 1579 1214 1649 Arbor
1255 1577 1398 1647 til-ia
1441 1577 1679 1647 leniter
1718 1592 1867 1648 tusa
1909 1576 1995 1647 ad
2032 1576 2262 1646 eadem
2297 1575 2433 1698 fere
2473 1576 2616 1645 uti-

526 1723 604 1792 lis
642 1739 780 1807 est,
824 1723 1022 1817 atque
1070 1721 1369 1793 oleaster.
1409 1721 1595 1792 Folia
1641 1735 1862 1791 autem
1909 1688 2170 1790 tantum
2217 1721 2285 1790 in
2338 1744 2502 1806 usu,
2544 1733 2615 1787 et

527 1867 611 1937 ad
666 1867 1023 1938 infantium
1082 1866 1308 1937 ulcera
1363 1866 1435 1936 in
1488 1891 1605 1936 ore
1663 1864 2213 1935 commanducata
2265 1890 2279 1932 :
2335 1863 2610 1934 decocta

527 2015 791 2084 urinam
841 2014 1020 2083 cient
1060 2037 1378 2105 :menses
1431 2013 1675 2083 sistunt
1725 2008 1892 2079 illita
1942 2037 1957 2078 ε
2010 2011 2400 2105 sanguinem
2448 2022 2609 2104 pota

524 2157 901 2229 detrahunt.

1330 2408 1614 2465 Sambuco
1630 2451 1644 2478 ‚
1685 2427 1778 2465 xv.

620 2619 903 2689 XXXV.
955 2619 1326 2688 Sambucus
1368 2620 1579 2714 ‘habet
1632 2618 1917 2691 alterum
1972 2643 2178 2715 genus
2233 2618 2440 2711 magis
2494 2615 2613 2685 sil-

527 2776 745 2832 vestre
767 2814 786 2849 ,
839 2762 1020 2856 quod
1074 2765 1291 2836 Graeci
1347 2763 1789 2835 chamaeaeten
1814 2819 1833 2853 ‚
1887 2764 1997 2834 alii
2048 2763 2273 2833 helion
2325 2776 2570 2831 vocant
2594 2814 2614 2845 ‚

445 2898 453 2907 ’
528 2907 740 2977 multo
775 2908 1060 2978 brevius.
1099 2910 1469 3004 Utriusque
1504 2909 1849 2980 decoctum
1883 2911 1951 2978 in
1987 2911 2143 2978 vino
2175 2910 2387 2978 veteri
2424 2905 2615 2976 folio-

527 3075 713 3138 rum,
754 3048 858 3120 vel
900 3053 1197 3137 seminis,
1228 3051 1331 3120 vel
1375 3053 1643 3141 radici5‚
1681 3053 1764 3123 ad
1807 3054 2080 3148 cyathos
2112 3054 2307 3123 binos
2339 3067 2576 3147 potum
2594 3103 2613 3138 ,

530 3193 871 3263 stomacho
909 3192 1145 3264 inutile
1184 3210 1282 3264 est
1301 3250 1320 3281 ‚
1359 3194 1509 3265 alvo
1541 3195 1900 3270 detrahens
1939 3203 2200 3291 aquam.
2236 3194 2614 3289 Restigerat

529 3341 725 3409 etiam
778 3338 1405 3431 inflammationem,
1459 3344 1741 3412 maxime
1789 3345 2076 3412 recentis
2129 3342 2418 3411 ambusti
2468 3368 2483 3408 ε
2542 3356 2614 3410 et
2707 3355 2712 3358 ’

528 3485 711 3554 canis
752 3475 1048 3555 morsum
1095 3511 1249 3556 cum
1298 3485 1569 3580 polenta
1612 3485 2014 3557 mollissimis
2058 3484 2370 3563 foliorum
2409 3484 2611 3555 illitis.

530 3632 780 3699 Succus
835 3630 1090 3700 cerebri
1146 3628 1569 3701 collectiones
1597 3681 1616 3717 ,
1668 3631 2115 3725 privatimque
2168 3631 2572 3728 membranae
2593 3682 2613 3715 ‚

531 3797 677 3867 quae
710 3772 887 3841 circa
927 3772 1273 3841 cerebrum
1308 3789 1445 3863 est,
1486 3758 1652 3843 lenit
1684 3775 1964 3845 infusus,
2010 3775 2200 3845 Acini
2241 3775 2384 3868 ejus
2395 3772 2612 3861 jnfir-

532 3918 773 3986 miores
798 3968 817 4004 ‚
873 3940 1073 4008 quam
1131 3915 1421 4012 reliqua,
1470 3920 1742 4014 tingunt
1797 3893 2129 4013 capillum.
2194 3919 2339 3987 Poti
2390 3933 2611 3987 aceta-

528 4061 668 4146 buli
711 4088 1056 4148 mensura,
1100 4064 1361 4151 urinam
1394 4079 1681 4133 movent.
1733 4064 2073 4133 Foliorum
2111 4062 2494 4140 mollissima
2534 4086 2617 4131 ex
