2846 4869
553 412 663 470 108
972 414 1036 469 c.
1077 413 1309 469 PLINII
1349 412 1542 469 ffls‘r.
1584 404 1761 467 ΝΑΤ.
1802 412 1946 468 LIB.
1973 413 2204 497 xxiv..
2250 495 2256 500 .

649 539 1284 634 Chamaecyparissos
1318 537 1524 607 herba
1563 560 1642 606 ex
1682 538 1838 607 vino
1881 553 2040 632 pota
2087 551 2320 607 contra
2364 563 2629 609 venena

551 684 952 777 serpentium
987 684 1284 775 omnium
1319 684 1879 778 scorpionumque
1911 667 2138 777 pollet.

644 883 1173 980 Ampeloprason
1213 886 1282 953 in
1316 886 1553 954 vinetis
1591 885 1909 970 nascitur,
1948 881 2121 953 foliis
2160 883 2379 979 porri,
2425 899 2633 953 ructu

553 1032 790 1127 gravis.
821 1036 1071 1102 Contra
1104 1032 1512 1126 serpentium
1548 1031 1718 1099 ictus
1753 1029 2004 1098 efficax.
2033 1030 2317 1099 Urinam
2346 1043 2416 1098 et
2450 1054 2632 1097 men-

550 1200 649 1244 ses
674 1176 840 1244 ciet:
863 1176 1242 1269 eruptiones
1272 1175 1612 1270 sanguinis
1644 1198 1765 1269 per
1794 1172 2076 1269 genitale
2103 1172 2361 1242 inhibet
2384 1187 2630 1268 potum

548 1319 1085 1414 impositumque.
1123 1322 1343 1390 Datur
1378 1331 1445 1386 et
1486 1342 1525 1386 a
1565 1331 1765 1411 partu
1804 1315 2194 1388 mulieribus
2215 1305 2240 1405 ,⁹
2279 1330 2346 1385 et
2391 1330 2634 1386 contra

549 1466 729 1550 canis
767 1488 1086 1533 morsum.
1158 1553 1168 1563 ἣ

649 1680 750 1749 Ea
783 1700 1049 1770 quoque
1086 1700 1235 1769 quae
1271 1675 1531 1770 stachys
1570 1683 1871 1764 vocatur,
1905 1674 2089 1770 porri
2122 1672 2631 1744 similitudinem

552 1819 785 1908 habet,
815 1818 1226 1916 longioribus
1255 1817 1431 1887 foliis
1465 1818 1931 1913 pluribusque,
1958 1834 2025 1887 et
2051 1819 2274 1888 odoris
2303 1819 2626 1913 jucundi,

555 1962 928 2059 colorisque
970 1968 1040 2033 in
1078 1964 1332 2036 luteum
1365 1953 1683 2034 inclinati.
1727 1964 1922 2035 Pellit
1954 1980 2314 2035 menstrua.

1325 2206 1676 2283 Clinopodio
1694 2248 1712 2279 ,
1727 2226 1841 2265 -ιιι,

642 2395 1064 2469 LXXXVII.
1101 2391 1546 2489 Clinopodion
1562 2448 1581 2484 ,
1606 2391 1717 2462 alii
1743 2391 2143 2483 cleonicion,
2172 2391 2286 2463 alii
2314 2394 2625 2491 zopiron,

561 2541 674 2611 alii
708 2540 1078 2635 ocymoides
1113 2539 1487 2636 appellant,
1516 2538 1805 2634 serpyllo
1839 2538 2151 2628 similem,
2183 2537 2624 2622 surculosam,

564 2686 767 2786 palmi
790 2686 1164 2776 altitudine3
1188 2686 1483 2756 nascitur
1502 2687 1572 2755 in
1599 2687 1901 2780 petrosis,
1920 2683 2290 2755 orbiculato
2312 2683 2626 2792 foliorum

562 2834 813 2907 ambitu
839 2885 859 2923 ,
897 2834 1180 2927 speciem
1222 2830 1391 2901 lecti
1414 2831 1661 2924 pedum
1697 2830 2016 2925 praebens.
2055 2831 2315 2900 Bibitur
2350 2828 2440 2900 ad
2478 2856 2629 2900 con·

560 2975 790 3065 vulsa,
842 2988 1079 3070 rupta,
1127 2947 1576 3069 stranguriaS,
1623 2975 2029 3067 serpentium
2068 2975 2260 3043 ictus,
2301 2977 2479 3045 Item
2522 2973 2628 3042 de·

563 3127 767 3190 eoctae
810 3144 1065 3190 succus,

1369 3314 1718 3370 Centunculo
1729 3355 1747 3384 ,
1786 3332 1830 3368 1.

652 3488 1088 3556 LXXXVIII.
1127 3488 1193 3558 N
1196 3513 1327 3556 unc
1367 3487 1787 3556 subtexemus
1828 3485 2067 3554 herbas
2107 3484 2444 3554 mirabiles
2486 3486 2627 3581 qui-

562 3629 740 3719 dem,
773 3628 886 3698 sed
915 3631 1132 3699 minus
1164 3629 1407 3721 claraS,
1439 3628 1775 3700 nobilibus
1809 3630 1880 3700 in
1914 3631 2257 3725 sequentia
2289 3629 2626 3699 volumina

562 3773 802 3844 dilatis.
851 3771 1349 3883 Centunculum
1393 3790 1636 3844 vocant
1678 3775 1936 3864 nostri,
1980 3774 2154 3844 foliis
2201 3774 2285 3844 ad
2328 3774 2626 3844 similitu-

561 3918 782 3993 dinem
814 3919 1044 4013 capitis
1080 3919 1507 4014 penularum,
1538 3921 1866 4013 jacentem
1899 3923 1970 3988 in
2003 3890 2180 3990 ariis
2209 3947 2225 3988 ε
2255 3922 2474 3992 Graeci
2507 3918 2625 3988 cle-

563 4064 876 4135 matidem
916 4090 932 4134 :
972 4064 1221 4159 egregii
1257 4062 1531 4135 effectus
1573 4064 1658 4134 ad
1697 4064 2053 4136 sistendam
2102 4065 2325 4138 alvum
2363 4067 2432 4143 in
2474 4065 2622 4133 vino
