2846 4869
540 441 652 499 292
977 424 1038 480 C.
1082 423 1322 479 PLlNu
1365 423 1554 479 HIST.
1599 422 1764 478 NAT.
1808 422 1948 477 LIB.
1975 420 2155 478 XXV.

541 550 932 636 fruticante,
967 549 1130 619 flore
1167 547 1533 642 lychnidis‚
1569 545 1792 615 radice
1834 546 2020 615 tenui
2061 560 2129 614 et
2165 568 2561 636 supervacua
2586 596 2604 631 ,

543 720 742 765 succo
797 694 1047 767 efficax.
1106 695 1260 788 Ipsa
1319 694 1528 761 herba
1592 706 1919 760 autumno
1974 689 2254 785 legitur,
2311 705 2534 758 succus
2575 713 2605 756 e

541 838 1106 929 stonde.Quidam
1133 838 1357 912 caules
1381 840 1680 908 concisos
1704 836 2151 906 madefaciunt
2169 833 2401 908 diebus
2421 857 2606 920 xvm,

542 1000 745 1079 atque
794 986 885 1054 ita
943 984 1348 1078 exprimunt.
1395 986 1542 1051 Hoc
1589 983 1985 1051 centaurion
2036 980 2248 1048 nostri
2299 977 2384 1047 fel
2436 992 2611 1046 terrae

542 1146 828 1219 vocant,
870 1145 1147 1225 propter
1178 1128 1694 1197 amaritudinem
1736 1151 2085 1195 summam.
2124 1122 2305 1194 Galli
2338 1148 2609 1210 exacon‚

543 1275 863 1367 quoniam
919 1274 1141 1342 omnia
1178 1270 1377 1356 ¹mala
1430 1270 1910 1356 medicamenta
1962 1284 2196 1363 potum
2256 1292 2291 1336 e
2346 1291 2609 1361 corpore

542 1421 762 1514 exigat
798 1442 918 1513 per
957 1415 1200 1488 alvum.

1221 1809 1517 1867 Centauris
1554 1807 1815 1865 triorchis
1825 1850 1842 1879 ‚
1882 1826 1958 1865 11.

633 2004 945 2072 XXX11.·
973 2003 1201 2071 Tertia
1251 2017 1351 2070 est
1401 2002 1737 2070 centauris
1764 2051 1782 2087 ‚
1834 1971 2234 2095 cognomine
2290 1996 2602 2066 triorchis.

540 2145 676 2236 Qui
722 2171 865 2215 eam
917 2148 1095 2215 secat
1115 2198 1133 2234 ‚
1181 2170 1408 2215 rarum
1448 2161 1547 2215 est
1571 2197 1589 2233 ‚
1643 2161 1718 2214 ut
1755 2165 1891 2212 non
1935 2136 2239 2213 vulneret
2276 2167 2433 2211 sese.
2468 2144 2609 2210 Haec

541 2314 817 2359 succum
862 2257 1302 2386 sanguineum
1341 2290 1567 2358 mittit.
1606 2288 2104 2385 Theophrastus
2147 2286 2408 2356 defendi
2444 2310 2610 2370 eam,

541 2434 1056 2529 impugnarique
1078 2490 1085 2493 .
1106 2433 1496 2531 colligentes
1550 2433 1753 2504 tradit
1802 2458 1843 2503 a
1889 2432 2181 2505 triorche
2228 2432 2611 2527 accipitrum

541 2604 779 2676 genere
804 2632 824 2669 ‚
868 2606 906 2650 a
949 2605 1085 2674 quo
1136 2594 1201 2648 et
1253 2604 1500 2648 nomen
1546 2579 1825 2672 accepit.
1865 2579 2167 2675 Imperiti
2207 2556 2613 2647 confundunt

538 2729 677 2796 haec
713 2727 939 2799 omnia
962 2780 980 2816 ‚
1023 2742 1092 2795 et
1127 2725 1364 2821 primo,
1378 2702 1609 2822 generi
1646 2723 2019 2821 adsignant.
2187 2767 2222 2807 ,

1365 2958 1662 3045 Cljmenus
1680 3012 1697 3040 ‚
1734 2990 1803 3027 11.

637 3161 959 3240 XXXIII.
1015 3186 1077 3257 7.
1133 3159 1493 3271 Clymenus
1549 3188 1587 3231 a
1639 3186 1795 3258 rege
1851 3160 2055 3230 herba
2106 3158 2440 3255 appellata
2485 3172 2609 3241 est,

544 3310 756 3380 ederae
791 3310 966 3390 foliis
988 3364 1007 3398 ‚
1054 3337 1310 3381 ramosa
1335 3364 1353 3398 ‚
1404 3311 1593 3381 caule
1632 3314 1855 3400 inani,
1892 3278 2188 3409 articulis
2229 3311 2608 3406 praecincta,

543 3459 746 3528 odore
783 3461 969 3555 gravi
988 3511 1007 3549 ,
1044 3476 1113 3530 et
1145 3462 1394 3531 semine
1427 3448 1674 3550 ederae,
1708 3459 2122 3532 silvestribus
2153 3475 2221 3529 et
2255 3457 2610 3529 montuosis

543 3633 840 3679 nascenS.
894 3611 1159 3700 Quibus
1208 3611 1459 3680 morbis
1508 3626 1670 3704 pota
1717 3611 2088 3701 medeatur,
2135 3609 2451 3679 dicemus.
2491 3602 2611 3676 Sed

544 3759 654 3837 hic
704 3757 1134 3831 indicandum
1191 3775 1291 3829 est
1310 3811 1333 3844 ‚,
1370 3758 1536 3829 dum
1577 3758 1921 3836 medeatur
1941 3814 1961 3850 ‚
2014 3758 2426 3831 sterilitatem
2465 3768 2613 3850 pota

538 3911 743 3979 etiam
769 3910 933 3978 viris
962 3907 1123 3976 fieri.
1155 3892 1372 3976 Gr⁰aeci
1402 3885 1772 4003 plantagiiii
1806 3886 2087 3978 similem
2116 3922 2260 3987 esse
2282 3907 2609 3987 dixerunt,

538 4057 735 4129 caule
760 4058 1122 4152 quadrato,
1157 4053 1467 4124 folliculis
1510 4082 1663 4127 cum
1700 4057 1947 4131 semine
1979 4048 2153 4126 inter
2189 4082 2258 4126 se
2290 4052 2610 4151 implexis,
