2846 4869
445 367 560 441 278
875 368 938 422 C.
980 367 1219 424 PLINII
1259 368 1453 424 HlsT.
1498 369 1666 425 ΝΔΤ.
1709 365 1851 425 LIB-
1881 367 2065 424 XXV.

443 493 561 564 illo
599 518 778 564 anno
817 493 934 587 qui
975 492 1312 579 succidat,
1344 495 1704 590 augurium
1741 466 1861 564 est.
1890 491 2033 566 Nec
2067 491 2295 563 album
2331 492 2513 563 facile

442 637 816 734 colligitur,
859 652 1063 731 caput
1091 636 1530 733 adgravanS,
1578 640 1862 710 maxime
1914 638 2041 707 nisi
2083 653 2516 733 praesumatur

446 782 715 870 allium,
748 797 817 874 et
858 782 1138 852 subinde
1172 783 1406 872 vinum
1443 783 1813 872 sorbeatur,
1846 767 2283 877 celeriterque
2318 782 2520 852 fodia-

440 944 580 1002 tur.
627 930 919 1025 Nigrum
977 928 1089 1000 alii
1144 943 1456 1016 ectomou
1510 944 1758 999 vocant
1783 980 1803 1014 ,
1851 926 1965 997 alii
2020 926 2450 1023 polyrrhizon
2504 954 2522 997 ε

447 1089 691 1170 purgat
743 1099 864 1169 per
898 1074 1155 1144 inferna
1201 1102 1217 1144 ε
1259 1073 1621 1145 candidum
1662 1089 1887 1144 autem
1928 1073 2334 1162 vomitione,
2370 1079 2526 1142 'cau-

449 1239 684 1316 sasque
728 1220 1119 1289 morborum
1157 1220 1450 1289 extrahit
1486 1218 1886 1313 :quondam
1924 1216 2221 1287 terribile
2243 1270 2263 1306 ,
2303 1209 2527 1313 postea

449 1383 587 1438 tam
616 1367 1112 1462 promiscuum,
1147 1380 1231 1434 ut
1255 1364 1559 1461 plerique
1598 1364 1973 1434 studiorum
2011 1365 2234 1459 gratia
2259 1362 2345 1433 ad
2378 1388 2523 1458 per-

448 1499 736 1589 videnda
774 1509 991 1580 acrius
1016 1561 1037 1601 ,
1079 1531 1225 1604 quae
1275 1486 1931 1597 commentahantur,
1973 1509 2214 1603 saepius
2250 1510 2525 1609 sumpti-

452 1656 759 1725 taverint.

1787 1784 1802 1816 ἲ

555 1849 966 1920 Carneadem
1032 1849 1508 1978 responsurum
1581 1851 1867 1920 Zenonis
1936 1848 2175 1919 libris:
2235 1851 2526 1919 Drusum

404 2023 716 2136 ‘quoque
778 1995 989 2090 apu'd
1020 2019 1143 2065 nos
1179 2050 1198 2087 ,
1266 1997 1690 2065 tribunorum
1756 1951 2184 2090 popularium
2251 1993 2526 2064 clarissi-

449 2127 635 2212 mum
689 2141 839 2235 (cui
894 2158 1047 2212 ante
1097 2168 1327 2212 omnes
1374 2141 1560 2240 plebs
1613 2157 1793 2254 stans
1851 2131 2132 2237 plausit,
2159 2135 2528 2237 ‚optimates

451 2312 607 2374 vero
639 2284 894 2358 bellum
931 2287 1286 2356 marsicum
1335 2251 1826 2379 imputavere),
1851 2299 2116 2360 constat
2145 2284 2277 2355 hoc
2325 2285 2530 2354 medi-

449 2450 769 2507 camento
792 2433 1144 2531 liberatum
1184 2431 1502 2505 comitiali
1540 2433 1778 2503 morbo
1824 2432 1893 2500 in
1932 2419 2253 2526 Anticyra
2292 2430 2529 2502 insula.
2613 2472 2616 2475 ·

447 2580 554 2649 Ibi
594 2581 771 2649 enim
815 2581 1142 2649 tutissime
1175 2581 1484 2666 sumitur,
1520 2580 1873 2673 quoniam,
1896 2593 1980 2648 ut
2010 2572 2332 2668 diximus,
2367 2603 2532 2648 sesa-

448 2725 706 2795 1noides
748 2725 1133 2795 admiscent.
1172 2724 1369 2794 Italia
1397 2739 1742 2830 veratrum
1771 2739 1987 2814 vocat.
2025 2721 2274 2793 Farina
2307 2749 2534 2793 eorum

446 2897 573 2965 per
612 2897 725 2958 se,
774 2885 842 2939 et
895 2869 1100 2939 mixta
1151 2865 1488 2963 radicula,
1534 2892 1678 2961 qua
1726 2867 1911 2937 lanas
1957 2866 2272 2939 diximus
2288 2866 2531 2957 lavari,

450 3008 981 3118 sternumentum
1032 3012 1227 3098 facit,
1281 3012 1612 3131 amboque
1647 3034 1980 3081 somnum.
2023 3015 2435 3108 Leguntur
2415 3019 2529 3082 aui·

447 3175 584 3229 tem
632 3159 1030 3228 tenuissimae
1074 3157 1330 3226 radices
1376 3156 1779 3250 brevesque,
1827 3181 1904 3225 ac
1952 3154 2150 3225 velut
2175 3154 2528 3225 decurtatae

450 3305 651 3374 etiam
688 3276 829 3373 hae.
846 3305 1023 3374 Nam
1060 3320 1356 3392 summa,
1405 3326 1554 3396 quae
1591 3317 1690 3375 est
1728 3303 2169 3405 crassissima,
2203 3303 2401 3397 caepis
2444 3303 2527 3370 si-

448 3449 662 3538 milis,
698 3448 976 3539 canibus
1013 3444 1285 3521 tantuin
1309 3447 1510 3519 datur
1541 3448 1956 3542 purgationis
1991 3472 2208 3519 causa.
2256 3447 2525 3541 Antiqui

447 3594 736 3663 radicem
769 3595 1014 3662 cortice
1053 3617 1256 3686 quam
1296 3591 1759 3661 carnosissimo
1803 3590 2169 3686 seligebant
2190 3642 2209 3679 ,
2253 3617 2391 3687 quo
2436 3605 2526 3660 te-

449 3740 646 3808 nuior
672 3739 1074 3829 eximeretur
1110 3734 1442 3804 medulla.
1461 3739 1651 3804 Hanc
1681 3734 1973 3817 humidis
2002 3736 2297 3831 spongiis
2332 3761 2520 3859 oper-

448 3899 624 3973 tam,
669 3894 1289 3978 turgescentemque
1335 3904 1458 3948 acu
1509 3880 1581 3947 in
1630 3877 2118 3974 longitudinem
2167 3852 2518 3955 findebant.

447 4028 711 4129 Deinde
748 4025 916 4099 fila
901 4051 971 4097 ιιι
998 4024 1244 4097 umbra
1285 4024 1659 4113 siccabant,
1674 4024 1780 4091 iis
1820 4037 2083 4092 utentes
2126 4050 2146 4092 z
2189 4049 2371 4094 nunc
2411 4048 2510 4093 ra·
