2846 4869
497 435 613 494 356
926 438 995 493 C.
1032 433 1271 492 PLINII
1310 431 1506 490 msr.
1544 430 1718 489 ΝΔΤ.
1759 430 1900 486 LIB.
1928 430 2114 487 XXV.

498 576 717 633 satur:
751 563 910 632 item
937 560 1178 631 radicis
1207 575 1391 646 tusae,
1421 544 1536 627 vel·
1561 559 1631 626 in
1666 558 1824 626 vino
1857 556 2051 653 nigro
2078 555 2163 625 ad
2200 557 2429 626 tertias
2465 556 2580 625 de-

501 722 724 776 coctae.
748 705 934 776 Folia
951 720 1300 774 servantur
1321 706 1390 773 in
1414 704 1629 772 muria
1659 701 2010 787 efficacius,
2029 700 2192 770 alias
2211 702 2578 770 recentium

497 874 733 919 succus
769 848 971 944 pestis
1013 862 1113 917 est
1146 874 1164 917 ε
1209 846 1304 916 sic
1342 870 1611 940 quoque
1648 845 1858 913 noxiae
1897 845 2086 913 vires.
2123 843 2580 913 Gravedinem

497 994 693 1085 etiam
718 992 1030 1063 adferunt
1052 990 1339 1062 olfactu:
1372 954 1777 1084 quamquam
1800 986 2063 1058 malain
2084 986 2423 1082 aliquibus
2452 1001 2581 1056 ter-

496 1137 592 1205 ris
621 1135 1055 1222 manduntur,
1086 1134 1297 1202 nimio
1332 1148 1557 1202 tamen
1588 1131 1797 1204 odore
1820 1133 2296 1203 obmutescunt
2337 1133 2576 1227 ignari.

496 1283 669 1350 Potu
724 1278 993 1373 quidem
1039 1275 1329 1373 largiore
1378 1279 1578 1346 etiam
1628 1276 2028 1346 moriuntur.
2071 1277 2193 1347 Vis
2231 1276 2581 1348 somnifica

496 1449 622 1521 pro
668 1423 917 1493 viribus
954 1422 1349 1492 bibentium.
1385 1421 1618 1491 Media
1650 1421 1837 1516 potio
1871 1420 2093 1514 cyathi
2135 1422 2370 1503 ιιῐιίιιε.κ
2394 1421 2579 1490 Bibi-

496 1581 608 1637 tur
638 1581 706 1636 et
728 1581 963 1637 contra
992 1581 1359 1662 serpenteS,
1385 1580 1455 1636 et
1481 1580 1637 1636 ante
1663 1566 1988 1635 sectiones
2020 1566 2581 1660 punctionesque,

496 1734 581 1780 ne
621 1712 1014 1781 sentiantur.
1050 1710 1164 1779 Ob
1189 1709 1331 1779 haec
1356 1709 1520 1789 satis
1549 1721 1647 1778 est
1676 1706 2009 1802 aliquibus
2040 1732 2355 1777 somnum
2376 1708 2586 1796 odore

496 1834 832 1948 ciuaesisse.
851 1855 1117 1923 Bibitur
1147 1836 1214 1923 et
1243 1877 1367 1951 pro
1392 1851 1687 1922 elleboro
1711 1825 1974 1923 duobus
1999 1849 2215 1922 obolis
2243 1851 2313 1920 in
2338 1850 2579 1923 mulso.

495 1994 847 2105 Efficacius
884 1994 1255 2066 elleborum
1283 1994 1369 2066 ad
1401 1996 1828 2084 vomitiones,
1865 2010 1936 2065 et
1965 1992 2050 2066 ad
2086 1994 2287 2065 bilem
2317 1997 2578 2092 nigram

495 2139 994 2212 extrahendam.

1355 3012 1546 3073 Cicuta
1561 3058 1580 3088 ,
1616 3035 1726 3074 xu.
1816 3068 1824 3074 .

590 3225 798 3294 XCV.
835 3222 1072 3296 Cicuta
1107 3249 1372 3320 quoque
1400 3227 1736 3295 venenum
1768 3238 1896 3314 est,
1924 3223 2190 3320 publica
2211 3224 2573 3295 Athenien-

496 3367 667 3435 sium
696 3392 895 3461 poeua
931 3369 1166 3457 invisa,
1195 3370 1281 3441 ad
1317 3369 1532 3442 multa
1573 3385 1796 3441 tamen
1830 3395 1990 3444 usus
2023 3396 2162 3440 non
2198 3369 2569 3441 omittendi.

496 3514 737 3582 Semen
775 3512 978 3582 habet
1019 3515 1312 3585 noxium.
1363 3513 1595 3586 Caulis
1647 3529 1870 3584 autem
1918 3526 1986 3583 et
2032 3513 2264 3583 viridis
2314 3530 2506 3585 estur
2537 3539 2572 3583 a

493 3655 830 3750 plerisque
866 3670 936 3724 et
973 3657 1044 3726 in
1085 3659 1352 3753 patinis.
1386 3660 1607 3728 Laevis
1638 3658 1750 3728 hic
1778 3672 1845 3727 et
1885 3656 2321 3780 geniculatuS,
2356 3675 2437 3728 ut
2470 3683 2572 3729 ca-

493 3794 651 3866 lami
670 3797 1105 3894 ,mgr-icam,
1143 3800 1342 3870 altior
1369 3826 1544 3896 saepe
1585 3771 1760 3872 binis
1798 3790 2077 3891 cubitis,
2112 3803 2182 3871 in
2217 3805 2569 3873 cacumini-

492 3943 620 4011 bus
655 3966 996 4014 ramosus,
1032 3938 1198 4014 folia
1232 3944 1572 4014 coriandri
1606 3946 1935 4015 teneriora
1952 3993 1976 4033 ,
2019 3945 2208 4039 gravi
2248 3945 2562 4017 odoratu:

493 4095 954 4156 semen‘aneso
992 4086 1316 4157 crassius:
1357 4087 1549 4157 radix
1584 4112 1874 4158 concava
1894 4139 1915 4177 ‚
1952 4086 2202 4160 nullius
2239 4081 2418 4161 usus,
2462 4095 2562 4161 Se-
