2846 4869
517 402 628 458 242
681 397 684 404 '
955 391 1293 475 (34PLIN11
1338 392 1526 448 HlsT.
1572 393 1743 448 NAT.
1789 392 1932 447 LIB.
1965 392 2154 446 XXV.

866 652 1122 723 Quando
1150 652 1225 707 ad
1254 653 1550 708 Romanos
1582 670 1647 707 ea
1676 651 1882 707 notitia
1913 649 2256 725 pervenerit.

615 866 736 934 ΙΙΙ.
779 868 993 933 Antea
1030 862 1421 933 condiderat
1465 861 1644 934 solus
1681 861 1862 956 apud
1897 886 2019 930 nos
2053 856 2271 956 (quod
2308 852 2603 950 equidem

521 1007 792 1100 inveni)
837 1010 1197 1102 Pompeius
1257 1011 1578 1095 Lenaeus,
1624 983 1877 1100 Magni‘
1904 1004 2180 1074 libertus
2220 1027 2235 1070 ε
2296 1026 2433 1095 quo
2477 1000 2604 1094 pri-

520 1177 706 1219 mum
763 1142 1064 1246 tempore
1126 1137 1298 1220 lianc
1358 1121 1728 1222 scientiam*
1771 1150 1855 1219 ad
1915 1166 2179 1219 nostros
2238 1146 2608 1242 pervenisse

519 1300 744 1366 animo
774 1297 1069 1366 adverto.
1100 1300 1411 1392 Namque
1439 1297 1898 1383 Mithridates,
1927 1298 2255 1365 maximus
2284 1319 2399 1363 sua
2431 1306 2609 1361 aetate

521 1466 796 1535 regum,
855 1466 1052 1533 quem
1081 1543 1084 1546 Ι
1110 1441 1468 1512 debellavit
1523 1443 1881 1535 Pompeius
1910 1494 1928 1525 ,
1988 1440 2293 1509 omnium
2343 1452 2500 1506 ante
2550 1461 2610 1504 se

521 1589 898 1682 genitorum
944 1586 1493 1686 diligentissimus
1529 1587 1681 1655 vitae
1717 1586 1915 1655 fuisse
1958 1586 2407 1680 argumentiS,
2447 1607 2608 1677 prae-

525 1746 826 1823 terquam
866 1730 1041 1799 fama
1082 1728 1496 1825 intelligitur.
1534 1732 1669 1800 Uni
1710 1731 1768 1798 ei
1807 1731 2288 1825 excogitatum,
2326 1725 2613 1821 quotidie

523 1899 851 1944 venenum
898 1875 1131 1943 bibere
1173 1877 1593 1969 praesumptis
1634 1873 1987 1961 remediis,
2024 1888 2100 1941 ut
2136 1871 2612 1941 consuetudine

525 2023 665 2115 ipsa
704 2021 1054 2088 innoxium
1090 2019 1298 2087 fieret.
1332 2021 1561 2088 Primo
1598 2021 1871 2088 inventa
1905 2043 2146 2114 genera
2181 2018 2507 2105 antidoti,
2541 2039 2612 2085 ex

523 2165 766 2258 quibus
801 2188 1016 2232 unum
1053 2164 1255 2232 etiam
1292 2188 1540 2233 nomen
1580 2165 1722 2257 ejus
1759 2165 2017 2233 retinet.
2052 2162 2242 2231 Illius
2275 2165 2612 2231 inventum

527 2323 918 2395 autumant,
961 2311 1355 2405 sanguinem
1398 2325 1676 2378 anatum
1716 2311 2141 2405 ponticarum
2189 2309 2464 2376 miscere
2503 2332 2614 2376 an-

525 2454 790 2537 tideus,
825 2456 1143 2549 quoniam
1180 2481 1438 2525 veneno
1472 2459 1790 2526 viverent.
1814 2456 1918 2526 Ad
1954 2455 2139 2525 illum
2174 2455 2613 2551 Asclepiadis,

525 2600 834 2668 medendi
869 2615 1013 2669 arte
1051 2599 1253 2688 clari,
1292 2600 1638 2668 volumina
1675 2603 2042 2694 composita
2085 2615 2381 2688 exstant,
2414 2626 2616 2695 quum

526 2744 920 2814 sollicitatus
965 2770 1044 2812 ex
1099 2745 1265 2813 urbe
1316 2749 1572 2830 Roma,
1630 2760 1956 2839 praecepta
2016 2771 2137 2838 pro
2194 2770 2261 2813 se
2311 2747 2614 2814 mitteret.

525 2887 724 2957 Illum
762 2887 980 2956 solum
1016 2887 1404 2956 mortalium
1448 2888 1686 2984 viginti
1731 2888 1993 2957 duabus
2043 2887 2288 2983 linguis
2323 2858 2617 2959 locutum

525 3048 780 3102 certum
815 3048 969 3120 est,
1019 3033 1265 3103 necde
1319 3034 1629 3126 subjectis
1673 3035 1981 3128 gentihus
2026 3033 2238 3103 ullum
2282 3036 2615 3105 hominem

525 3203 645 3272 per
705 3181 1138 3272 interpretem
1203 3176 1615 3272 appellatum
1675 3178 1758 3245 ab
1817 3203 1894 3245 eo
1953 3179 2143 3247 annis
2203 3203 2317 3247 [Νι
2382 3179 2615 3271 quibus

525 3324 847 3417 regnavit.
883 3326 947 3391 Is
986 3350 1145 3417 ergo
1188 3322 1449 3416 reliqua
1486 3325 1739 3417 ingenii
1776 3323 2237 3418 magnitudine
2274 3325 2615 3393 medicinae

526 3466 946 3561 peculiariter
974 3469 1306 3556 curiosus,
1344 3483 1410 3534 et
1440 3468 1522 3535 ab
1557 3468 1870 3555 omnibus
1907 3470 2250 3567 suhj'ectiS,
2283 3470 2402 3562 qui
2439 3468 2613 3538 fuere

523 3638 678 3708 pars
747 3600 983 3707 magna
1053 3628 1380 3682 terrarum
1413 3665 1432 3699 ,
1498 3609 1760 3707 singula
1823 3614 2180 3705 exquirens
2213 3664 2231 3700 ‚
2298 3616 2613 3683 scrinium

523 3761 1167 3827 commentationum
1212 3758 1454 3827 harum
1499 3771 1565 3824 et
1606 3756 2049 3851 exemplaria,
2088 3756 2501 3851 effectusque
2551 3759 2607 3823 in

524 3903 783 3972 arcanis
815 3903 950 3970 suis
985 3897 1278 3993 reliquit.
1310 3902 1667 3995 Pompeius
1704 3915 1924 3970 autem
1962 3905 2147 3970 omni
2186 3905 2369 3998 regia
2398 3900 2607 3996 praeda

524 4050 822 4140 potituS,
879 4045 1238 4115 transferre
1293 4069 1369 4114 ea
1422 4071 1728 4114 sermone
1776 4063 2005 4117 nostro
2054 4046 2369 4119 libertum
2426 4071 2606 4117 suum
