2846 4869
496 371 568 425 82
929 372 989 425 C.
1033 371 1264 425 PLINII
1305 371 1499 426 HIST.
1539 371 1707 427 NAT.
1748 372 1889 427 LIB.
1917 372 2124 427 XXIV.

496 512 651 589 pota
677 549 694 582 ,
739 499 918 589 regio
957 497 1189 564 morbo
1222 493 1540 564 medetur.
1584 495 1952 565 Gallinacei
1999 495 2259 590 generis
2297 493 2571 587 pituitas

498 625 680 710 fumo
724 641 866 734 ejus
913 641 1132 712 herbae
1172 640 1388 708 sanari
1427 639 1721 708 tradunt.

1332 901 1592 980 Selagine
1609 948 1626 975 ,
1667 926 1735 961 11.

594 1103 806 1170 LXII.
840 1099 1082 1167 Similis
1116 1100 1337 1168 herbae
1368 1101 1526 1167 huic
1555 1101 1801 1168 sabinae
1834 1113 1931 1167 est
1965 1096 2187 1191 selago
2217 1095 2572 1190 appellata.

499 1248 774 1341 Legitur
825 1247 965 1312 sine
1008 1243 1180 1312 ferro
1230 1244 1464 1313 dextra
1513 1270 1712 1312 manu
1760 1268 1878 1338 per
1925 1243 2255 1329 tunicam,
2303 1266 2431 1334 qua
2482 1243 2574 1308 si·-

497 1393 705 1458 nistra
755 1391 1022 1457 exuitur
1073 1388 1256 1457 velut
1306 1415 1345 1456 a
1395 1389 1697 1476 furante,
1744 1387 2024 1456 eandida
2074 1402 2252 1455 veste
2291 1389 2573 1474 vestito,

499 1553 796 1627 pureque
830 1533 980 1601 lotis
1018 1532 1212 1601 n'udis
1250 1533 1561 1626 pedibus,
1599 1556 1785 1601 sacro
1823 1532 1998 1600 facto
2028 1532 2211 1625 prius
2249 1556 2451 1629 quam
2485 1531 2576 1600 le-

498 1689 717 1769 gatur,
752 1700 923 1767 pane
959 1675 1268 1767 vinoque.
1307 1678 1545 1742 Fertur
1583 1675 1650 1740 in
1688 1696 1926 1767 mappa
1966 1699 2155 1742 nova.
2197 1675 2385 1742 Hanc
2416 1698 2576 1741 con—

1164 1781 1185 1804 .

500 1831 603 1884 tra
678 1841 942 1904 omnem
1020 1817 1383 1910 perniciem
1454 1814 1827 1883 habendam
1898 1815 2249 1909 prodidere
2321 1814 2576 1884 druidae

499 1959 890 2046 Gallorum,
920 1975 987 2028 et
1027 1974 1259 2027 contra
1291 1963 1516 2028 omnia
1551 1958 1898 2029 oculorum
1939 1959 2098 2028 vitia
2137 1959 2393 2028 fumum
2430 1961 2575 2052 ejus

496 2103 830 2196 prodesse.

1352 2439 1584 2507 Samolo
1605 2479 1621 2505 ‚
1651 2456 1725 2491 11.

594 2613 836 2680 LXIII.
880 2610 1088 2678 Iidem
1130 2610 1455 2679 samolum
1500 2612 1786 2680 herbam·
1827 2614 2251 2680 nominavere
2293 2635 2573 2680 nascen-

498 2771 630 2823 tem
671 2758 739 2824 in
788 2725 1077 2825 liumidis
1123 2782 1138 2822 ε
1186 2771 1253 2824 et
1289 2757 1464 2824 hanc
1514 2758 1777 2825 sinistra
1827 2781 2029 2825 manu
2077 2755 2206 2850 legi
2253 2780 2289 2821 a
2323 2756 2577 2849 jejunis

496 2915 731 3001 contra
762 2901 1027 2967 morbos
1062 2924 1254 2998 suum
1289 2900 1653 2993 boumque,
1689 2925 1807 2968 nec
1838 2906 2166 2994 respicere
2199 2898 2528 2991 legentem
2559 2926 2574 2965 ε

497 3070 614 3113 nec
652 3013 847 3128 alibi,
885 3066 1084 3137 quam
1131 3045 1196 3110 in
1245 3042 1499 3130 canali,
1548 3044 1877 3138 deponere
1902 3096 1920 3129 ,
1962 3044 2187 3136 ibique
2227 3008 2579 3112 eonterere

496 3190 770 3282 poturiS.

1335 3414 1562 3469 Gummi
1579 3456 1594 3483 ,
1628 3433 1708 3468 x1.

581 3592 833 3659 LXIV..
886 3590 1282 3658 Gummium
1334 3613 1577 3683 genera
1632 3587 1953 3656 diximus:
1989 3591 2090 3656 Ex
2134 3589 2237 3656 his
2286 3589 2575 3679 majores

491 3733 765 3803 effeetus
804 3720 1093 3800 melioris
1130 3733 1451 3825 cujusque
1488 3746 1703 3799 erunt.
1733 3734 2060 3800 Dentibus
2101 3732 2363 3801 inutiles
2395 3747 2574 3801 sunt.

490 3876 897 3971 Sanguinem
937 3874 1333 3969 eoagulant,
1379 3872 1447 3943 et
1495 3873 1642 3942 ideo
1683 3876 2130 3968 rejicientibus
2174 3878 2568 3970 sanguinem

492 4036 774 4112 prosunt
806 4045 820 4089 :
855 4022 1014 4089 item
1051 4021 1406 4109 ambustiS,
1442 4020 1703 4088 arteriae
1737 4020 1934 4089 vitiis.
1964 4020 2278 4090 Inutilem
2309 4023 2573 4091 urinam
