2846 4869
487 431 564 487 60
860 432 887 478 -’
915 434 977 487 C.
1018 431 1245 489 PLINII
1286 422 1481 489 HIST.
1526 430 1694 487 NAT.
1737 431 1878 488 LIB.
1909 430 2123 489 XXIV.

1208 651 1384 725 Virga
1413 650 1725 725 sanguinea
1742 692 1761 721 ,
1804 669 1848 709 1.

591 838 840 913 XLIII.
912 856 1016 912 10.
1080 845 1221 913 Nec
1283 845 1470 938 virga
1530 843 1893 939 sanguinea
1952 840 2207 912 felicior
2267 843 2575 912 habetur.

499 990 744 1073 Cortex
774 988 917 1083 ejus
951 989 1230 1058 interior
1257 989 1625 1076 cicatriceS‚
1651 1011 1798 1082 quae
1831 1009 2316 1088 praesanavere,
2342 989 2581 1084 aperit.

1356 1288 1535 1345 Silere
1550 1329 1567 1357 ,
1604 1307 1703 1344 ιιι.

599 1484 843 1551 XLIV.
879 1479 1103 1552 Sileris
1129 1480 1289 1551 folia
1322 1479 1489 1551 illita
1522 1481 1725 1551 fronti
1758 1482 1996 1576 capitis·
2024 1476 2285 1551 dolores
2322 1482 2578 1561 sedant.

504 1624 820 1723 Ejusdem
880 1640 1103 1695 semen
1168 1628 1399 1729 tritum
1429 1679 1447 1710 ‚
1511 1627 1580 1694 in
1634 1623 1783 1695 oleo
1842 1626 2238 1721 phthiriases
2301 1643 2582 1695 coercet.

497 1770 845 1864 Serpentes
878 1783 947 1839 et
987 1770 1167 1839 hunc
1206 1769 1518 1838 fruticem
1558 1769 1941 1865 refugiunt:
1983 1769 2428 1865 baculumque
2466 1795 2587 1839 ru-

500 1917 647 1985 stici
686 1917 771 1986 ob
814 1916 884 1986 id
919 1942 998 1984 ex
1039 1941 1118 1985 eo
1155 1931 1417 2009 ger-unt.
1498 1976 1500 1979 ,

1303 2142 1568 2216 Ligustro
1583 2183 1601 2212 ‚
1635 2161 1776 2199 vm.

596 2319 806 2403 XLV.
841 2333 1228 2430 Ligustrum
1258 2324 1314 2403 si
1347 2334 1578 2404 eadem
1618 2335 1819 2404 arbor
1853 2349 1986 2421 est,
2024 2359 2173 2428 quae
2206 2335 2276 2402 in
2308 2335 2591 2404 Oriente

505 2504 779 2579 cypros²
815 2504 968 2549 suos
1003 2481 1073 2549 in
1104 2484 1376 2576 Europa
1409 2503 1568 2552 usus
1602 2480 1827 2550 habet.
1867 2483 2116 2550 Succus
2153 2482 2295 2576 ejus
2313 2465 2547 2551 xnervis
2567 2534 2591 2569 ,

509 2619 838 2708 anticulss,
869 2618 1247 2717 algoribus3
1282 2620 1717 2715 foliassubique
1759 2622 1966 2690 veteri
2006 2620 2214 2691 ulceri
2247 2647 2399 2690 cum
2429 2622 2589 2693 salis

503 2764 706 2855 mica,
736 2780 803 2834 et
835 2766 971 2834 oris
1006 2763 1482 2833 exulcerationi
1524 2778 1825 2859 prosunt.
1857 2763 2048 2836 Acini
2088 2780 2323 2834 contra
2356 2766 2592 2860 phthi-

505 2907 708 2978 riasin
768 2935 783 2976 ε
829 2911 996 2977 item
1052 2922 1285 2978 contra
1333 2908 1794 3003 intertrigines
1823 2959 1842 2996 ‚
1894 2905 2152 2977 foliave.
2212 2903 2492 2979 Sanant'
2521 2926 2594 2979 et.

506 3053 1024 3150 gallinaceorum
1058 3054 1559 3149 pituitas‘acini.

1413 3688 1566 3742 Alno
1585 3728 1601 3756 ,
1639 3665 1694 3743 1.-

599 3881 840 3949 XLVI.
871 3876 1055 3946 Folia
1092 3875 1226 3946 alni
1262 3891 1351 3945 ex=
1372 3877 1653 3948 ferventi
1682 3899 1852 3970 aqua
1887 3874 2253 3943 certissimo
2285 3868 2592 3940 remedio

510 4036 665 4091 sunt
701 4020 968 4090 tumori.
