2846 4869
538 405 647 445 112
964 390 1027 446 C.
1069 391 1309 456 PL1N11
1349 390 1542 449 HIST.
1585 392 1756 450 NAT.
1797 393 1938 450 LIB.
1967 394 2187 450 XXIV.

529 512 614 580 ab
642 511 786 582 aliis
814 512 1227 608 daphnoides
1245 567 1264 603 ,
1299 516 1382 584 ab
1416 514 1563 585 aliis
1593 513 2069 616 polygonoides
2096 533 2373 600 vocatur
2402 544 2419 588 ε
2452 518 2612 590 folio

527 653 734 742 lauri,
763 655 964 752 longa
1001 643 1396 752 tenuisque:
1430 657 1745 727 adversus
1779 674 2152 754 serpenteS‚
2187 685 2264 730 ac
2294 661 2607 757 privatim

528 799 822 894 aspidaS,
855 825 937 869 ex
968 817 1156 871 aceto
1189 816 1347 896 pota
1383 802 1633 871 efficax.

1289 1067 1380 1122 De
1411 1066 1715 1124 dracontio
1756 1069 1843 1125 lis.

626 1253 803 1319 XCI.
842 1248 946 1320 16.
982 1252 1305 1345 AEgyptus
1330 1251 1506 1320 hanc
1540 1253 1823 1321 maxime
1858 1253 2113 1348 gignit:
2144 1275 2291 1347 quae
2316 1270 2381 1323 et
2411 1279 2609 1345 aron,

535 1392 617 1462 de
642 1418 770 1487 qua
796 1395 969 1462 inter
996 1393 1234 1463 bulbos
1266 1395 1582 1483 diximus,
1607 1421 1864 1492 magnae
1891 1422 2045 1465 cum
2070 1397 2420 1467 dracontio
2451 1399 2607 1469 litis.

533 1537 826 1626 Quidam
850 1539 1028 1608 enim
1048 1539 1341 1618 eamdem
1366 1564 1505 1609 esse
1525 1538 1861 1609 dixerunt.
1877 1539 2191 1610 Glaucias
2213 1555 2358 1610 satu
2376 1540 2615 1612 discre-

532 1684 675 1770 vit,
714 1681 1130 1752 dracontium
1175 1680 1545 1752 silvestrem
1582 1707 1775 1754 arum
1822 1684 2342 1778 pronuntiando,
2382 1684 2613 1780 Aliqui

533 1825 825 1902 radicem
870 1852 1033 1895 aron
1071 1823 1527 1920 appellarunt,
1567 1824 1824 1894 caulem
1853 1852 2013 1896 vero
2047 1827 2465 1897 dracontium
2487 1882 2508 1918 ,
2541 1830 2614 1898 in

533 1984 745 2075 totum
774 1969 1008 2058 alium,
1040 1971 1094 2040 si
1124 1941 1323 2037 modo
1351 1970 1462 2037 hic
1499 1983 1627 2059 est,
1658 1971 1772 2063 qui
1805 1970 1988 2063 apud
2017 1996 2139 2039 nos
2163 1970 2615 2042 dracunculus

531 2130 829 2184 vocatur.
872 2114 1182 2205 Namque
1231 2136 1380 2182 aros
1421 2114 1713 2183 radicem
1761 2113 2020 2208 nigram
2068 2115 2144 2183 in
2189 2113 2614 2185 latitudinem

533 2255 891 2327 rotundam
922 2249 1155 2346 habet,
1189 2254 1537 2351 multoque
1565 2258 1916 2353 majorem,
1948 2274 2012 2326 et
2042 2283 2177 2352 qua
2214 2283 2453 2328 manus
2483 2261 2615 2328 im-

533 2400 811 2496 pleatur.
848 2387 1745 2472 Dracunculus'suhrutilam
1765 2455 1785 2494 ,
1818 2417 1885 2473 et
1922 2401 2227 2472 draconis
2270 2403 2615 2474 convoluti

532 2548 737 2619 modo
771 2573 787 2616 ε
823 2546 1000 2641 unde
1033 2561 1101 2616 et
1133 2549 1192 2617 ei
1222 2573 1491 2619 nomen.

1354 2988 1444 3042 De
1475 3005 1611 3056 aro,
1645 3004 1784 3041 x111.
1863 3022 1868 3029 -

547 3212 550 3215 ‡
631 3175 842 3265 XCII.
888 3173 1072 3262 Quin
1119 3186 1187 3240 et
1229 3173 1355 3266 ipsi
1394 3172 1613 3241 Graeci
1656 3173 2042 3241 immensam
2094 3196 2376 3266 posuere
2422 3171 2623 3241 diffe-

536 3317 820 3385 rentiam
841 3370 860 3406 ‚
904 3320 1126 3415 semen
1168 3315 1557 3385 dracunculi
1596 3316 1853 3385 fervens
1893 3316 2303 3411 mordaxque
2344 3315 2623 3419 traden-

543 3461 631 3530 do
669 3487 685 3529 t
725 3475 1116 3557 tantumque
1157 3463 1219 3532 ei
1256 3463 1478 3550 virus,
1514 3475 1591 3531 ut
1627 3460 1945 3530 olfactum
1982 3461 2271 3557 gravidis
2301 3461 2622 3530 abortum

538 3606 805 3676 inferat.
841 3609 1027 3677 Aron
1067 3609 1253 3676 miris
1284 3606 1591 3678 laudibus
1630 3604 1927 3675 extulere
1959 3584 1990 3675 :¹
2015 3607 2306 3700 primum
2342 3607 2412 3674 in
2452 3606 2624 3674 cibis

538 3750 851 3820 feminam
892 3750 1350 3846 praeferenteS,
1385 3753 1705 3845 quoniam
1740 3776 1881 3821 mas
1922 3750 2156 3820 durior
2193 3764 2395 3839 esset,
2442 3764 2509 3819 et
2550 3750 2624 3820 in

479 3881 487 3888 ’
541 3894 887 3989 coquendo
924 3892 1186 3980 lentior.
1223 3897 1522 3965 Pectoris
1553 3896 2041 3997 yitia-purgare
2078 3921 2095 3965 t
2136 3910 2203 3964 et
2242 3893 2507 3964 aridum
2547 3896 2621 3964 in

541 4040 816 4132 potione
864 4040 1237 4133 inspersum
1260 4091 1279 4129 ,
1330 4054 1447 4111 aut
1498 4038 1848 4135 ecligmate
1866 4092 1887 4132 ‚
1927 4040 2190 4110 urinam
2239 4055 2308 4110 et
2333 4130 2338 4133 .
2360 4064 2625 4123 menses
