2846 4869
551 362 664 421 300
982 362 1048 420 c,
1089 361 1326 419 Pmm
1368 360 1560 419 ms‘r.
1603 361 1773 417 NAT.
1817 337 1961 417 Lm.
1992 359 2185 416 xxv,

547 519 711 564 num
775 493 956 562 cocci
1016 492 1286 562 ferente.
1359 495 1636 562 Fractus
1696 493 2115 561 ammoniaco
2181 488 2409 560 similis
2483 506 2607 578 est,

548 640 745 708 etiam
783 634 911 707 levi
948 651 1148 731 gustu
1182 640 1256 706 os
1296 660 1643 705 accensum
1679 633 1794 702 diu
1827 634 2166 723 detinens,
2205 637 2274 704 et
2311 634 2511 729 magis
2538 660 2606 703 ex

553 780 940 869 iata-valle,
984 780 1194 851 donec
1231 781 1455 851 fauces
1495 805 1762 876 quoque
1798 781 2023 850 siccet.

966 1452 1314 1530 Plantaginis
1347 1470 1556 1527 genera
1593 1472 1645 1508 11
1674 1494 1690 1523 ‚
1728 1451 2022 1508 medicinae
2056 1469 2222 1506 xxv1.

652 1661 969 1729 XXXIX.
1017 1663 1081 1732 8.
1131 1661 1508 1733 Celebravit
1552 1678 1618 1732 et
1657 1662 2017 1732 Themison
2063 1659 2357 1728 medicus
2407 1652 2614 1750 vulga·

552 1828 695 1876 rem
729 1802 1004 1875 herbam
1038 1806 1525 1904 plantaginem,
1557 1821 1898 1900 tamquam
1929 1807 2270 1891 inventor,
2299 1801 2615 1873 volumine

553 1947 637 2018 de
677 1974 756 2019 ea
794 1949 992 2032 edito.
1034 1954 1192 2021 Duo
1234 1952 1377 2045 ejus
1417 1976 1682 2047 genera.
1723 1952 1954 2050 Minor
1992 1948 2492 2044 angustioribus
2517 1945 2615 2022 ,fo-

551 2092 661 2162 liis
712 2108 778 2161 et
828 2094 1233 2189 nigrioribus
1261 2148 1279 2183 ‚
1338 2094 1582 2189 linguae
1631 2118 1951 2190 pecorum
2010 2092 2359 2163 simillimis
2382 2144 2403 2180 ‚
2454 2087 2617 2159 caule

556 2234 920 2329 anguloso,
955 2238 1024 2303 in
1062 2233 1304 2304 terram
1340 2234 1695 2327 inclinate,
1728 2239 1794 2306 in
1833 2238 2041 2333 pratis
2079 2260 2378 2306 nascens·
2412 2232 2617 2304 Altera

551 2384 794 2481 major,
835 2379 1010 2451 soliis
1048 2379 1330 2451 laterum
1372 2382 1575 2455 modo
1623 2381 1878 2483 inclusa
1913 2407 1929 2450 :
1975 2405 2120 2476 quae
2168 2381 2329 2476 quia
2366 2392 2621 2475 septena

550 2541 737 2614 sunt,
767 2516 1038 2619 quidam
1068 2551 1217 2597 eam
1245 2526 1736 2622 heptapleuron
1765 2550 2104 2599 vocavere.
2137 2525 2362 2619 Hujus
2395 2539 2460 2593 et
2483 2545 2622 2592 eau-

551 2669 634 2742 lis
665 2670 973 2741 cubitalis
991 2647 1129 2760 est,
1155 2686 1220 2740 et
1249 2668 1633 2767 angulosus.
1661 2650 1975 2743 Nasciiur
2002 2671 2073 2740 in
2101 2668 2399 2739 humidis
2426 2665 2621 2736 multo

551 2815 900 2886 efficacior.
939 2786 1062 2887 Vis
1105 2819 1272 2887 mira
1320 2816 1401 2886 in*
1445 2816 1754 2887 siccando
1806 2814 2283 2909 densandoque
2316 2816 2624 2907 ‘con-pore,

554 2963 847 3041 cauterii,
864 2964 1077 3034 vicem
1109 2962 1437 3035 obtinens-
1469 2960 1673 3034 Nulla
1705 2981 1810 3032 res
1847 2987 2032 3056 aeque
2069 2961 2242 3031 sistit
2275 2959 2625 3041 fluxiones,

555 3133 719 3202 quas
758 3111 977 3180 Graeci
1014 3109 1540 3187 rheumatismos,
1568 3118 1846 3177 vocant.'

1370 3509 1678 3583 Buglossos
1694 3548 1712 3579 ,
1742 3527 1812 3565 11.

652 3718 797 3786 XL.
840 3719 1158 3812 Jungitur
1198 3719 1354 3789 huic
1396 3716 1781 3815 buglossos»,
1825 3717 2031 3787 boum
2053 3716 2315 3841 ,linguae
2363 3713 2628 3797 similis,

560 3864 671 3932 cui
726 3864 1178 3958 praecipuum,
1229 3865 1436 3960 quod
1459 3867 1529 3935 in
1570 3867 1804 3934 vinum
1847 3863 2143 3959 dejecta,
2206 3865 2410 3935 animi
2452 3860 2630 3937 volu·

564 4023 782 4100 ptates
820 4025 1067 4105 auget:
1102 4026 1168 4080 et
1207 4027 1487 4082 vocatur
1523 4012 2048 4105 euphrosynum.
