2846 4869
429 367 503 424 30
849 367 916 422 C.
954 362 1184 421 PLINn
1227 365 1422 422 HIST.
1470 364 1645 421 NAT.
1687 366 1829 422 LIB.
1855 365 2075 422 XXIV.

432 489 656 560 fundit
694 517 709 558 ε
752 489 919 558 larix
948 488 1315 585 gracilem,
1359 515 1439 559 ac
1479 488 1698 560 mellei
1742 489 2055 586 liquoris,
2091 490 2282 560 virus
2324 491 2518 562 redo-

433 634 702 704 lentem.
741 633 989 706 Medici
1029 631 1285 729 liquida
1320 659 1476 705 raro
1516 648 1832 723 utuntur,
1867 651 1934 706 et
1967 637 2035 704 in
2077 661 2207 705 ovo
2245 636 2435 705 fere:
2475 662 2519 706 e

431 779 632 850 larice
688 794 963 875 propter
1014 771 1249 859 tussim
1301 778 1654 875 ulceraque
1707 783 2036 850 viscerum
2078 807 2094 850 t
2150 806 2274 850 nec
2324 783 2517 876 pinea

434 948 839 1021 magnopere
875 925 942 992 in
978 949 1102 993 usu
1133 949 1149 992 ε
1181 915 1417 993 ceteris
1456 949 1593 994 non
1633 925 1760 994 nisi
1797 925 2024 995 coctis}
2062 928 2152 995 Et
2187 926 2519 1019 coquendi

432 1095 677 1164 genera
714 1069 873 1143 satis
915 1068 1543 1139 demonstravimus.

542 1765 621 1831 In
660 1759 977 1857 arborum
1002 1762 1391 1835 differentia
1426 1756 1641 1855 placet
1682 1761 2129 1832 terebinthina
2148 1815 2167 1848 ‚
2201 1756 2533 1829 odoratis·-

444 1905 610 1975 sima
670 1922 871 2003 atque
932 1908 1262 1977 levissima
1301 1936 1318 1978 ε
1365 1911 1755 1997 nationum,
1807 1910 2033 2004 cypria
2086 1921 2153 1976 et
2204 1907 2456 2000 syriaca
2512 1928 2529 1970 ε

445 2065 730 2145 utraque
802 2051 1015 2122 mellis
1062 2054 1262 2123 attici
1327 2053 1552 2125 colore
1607 2081 1623 2124 ε
1685 2054 1800 2124 sed
1855 2054 2087 2148 cypria
2140 2050 2491 2148 carnosior
2513 2101 2534 2130 ‚

443 2196 830 2290 sicciorque.
856 2199 939 2266 In
966 2198 1140 2267 sicco
1169 2223 1412 2294 genere
1440 2213 1751 2293 quaerunt
1775 2199 1965 2268 ut'sit
1993 2193 2307 2284 candida,
2335 2219 2538 2291 pura,

450 2338 811 2434 perlucida.
854 2344 938 2411 In
986 2345 1170 2411 omni
1217 2358 1494 2432 autem,v
1530 2358 1604 2412 ut
1652 2358 1970 2413 montana
2025 2343 2286 2440 potiuS‚
2325 2362 2534 2436 quam

451 2487 837 2582 campestris
867 2512 883 2556 ε
916 2486 1078 2556 item
1121 2487 1460 2582 aquilonia
1494 2491 1982 2584 potiuS‚-quam
2025 2488 2109 2558 ab
2143 2485 2274 2557 alio
2310 2502 2537 2576 vento.

452 2630 839 2702 Resolvitur
896 2635 1115 2704 resina
1181 2635 1267 2703 ad
1330 2634 1687 2705 vulnerum
1746 2621 1905 2705 usus
1965 2649 2032 2704 et
2093 2607 2542 2729 malagmata,-

453 2776 602 2848 oleo
640 2804 656 2846 ε
704 2779 774 2846 in
828 2780 1129 2872 potiones
1148 2830 1170 2866 ,
1222 2777 1591 2874 amygdalis
1645 2781 1909 2850 amanis.
1962 2781 2223 2850 Natura
2273 2780 2345 2847 in
2400 2803 2546 2847 me-

331 2962 339 2971 ·
454 2921 674 2992 dendo
707 2923 1101 2991 contrahere
1133 2921 1405 2991 vulnera
1426 2975 1445 3010 ,
1476 2947 1796 3026 purgare,
1835 2923 2166 2992 discutere
2195 2921 2541 2992 collectio-

452 3091 622 3136 nes:
668 3068 825 3135 item
877 3066 1163 3160 pectoris
1203 3067 1400 3155 vitia,
1453 3067 1921 3135 terebinthina.
1963 3064 2261 3137 Illinitur
2308 3067 2541 3136 eadem

452 3209 667 3281 calida
705 3209 1155 3279 membrorum
1193 3205 1578 3295 doloribus,
1609 3210 2045 3306 spasticisque
2079 3210 2150 3280 in
2191 3210 2347 3280 sole.

554 3609 942 3684 'Illinitur-et
969 3616 1125 3683 totis
1155 3616 1571 3711 corporibuS‚
1603 3619 2014 3710 mangonum
2049 3614 2335 3681 maxime
2358 3634 2545 3698 cura,

457 3755 545 3824 ad
565 3755 1004 3851 gracilitatem
1022 3756 1544 3845 emendandam,
1568 3758 1797 3851 spatiis
1817 3758 1910 3825 ita
1935 3755 2303 3825 laxantium
2323 3767 2546 3822 cutem

463 3928 586 3997 per
639 3901 900 3999 singula
957 3902 1294 3991 membra„
1349 3903 1834 3998 capacioraque
1885 3902 2190 3970 ciborum
2242 3893 2550 3998 facienda

467 4070 771 4143 corpora.
822 4048 1213 4116 Proximum
1251 4045 1473 4117 locum
1529 4048 1800 4117 obtinet¹
1834 4073 1871 4116 e
1914 4045 2211 4116 lentisco.
2255 4049 2440 4114 Inest
2484 4045 2547 4111 ei
