2846 4869
400 348 409 354 ’
479 319 593 424 asa
911 363 973 418 c,
1014 362 1250 419 PLmu
1291 361 1485 418 ius-r.
1529 362 1704 418 NAT.
1746 361 1890 420 Lm.
1916 361 2101 418 xxv.

1075 583 1326 651 Panace,
1361 580 1481 636 sive
1518 581 1841 655 asclepion,
1883 599 1958 638 11.
2315 607 2346 631 ι

580 794 700 862 xl.
736 796 1027 863 Panaces
1058 792 1204 886 ipso
1233 791 1507 859 nomine
1534 789 1836 860 omnium
1860 789 2253 861 morborum
2281 790 2568 862 remedia

1704 889 1711 914 Ἰ

484 939 816 1035 promittit
836 989 858 1026 ,
897 961 1334 1008 numerosum
1367 950 1437 1006 et
1475 935 1602 1006 diis
1640 936 2102 1006 inventoribus
2125 921 2565 1032 adscriptum.

480 1089 715 1156 Unum
734 1085 986 1183 quippe
1004 1080 1367 1180 Asclepion
1387 1083 1926 1178 cognominatur,
1946 1082 2267 1176 quoniam
2290 1081 2346 1151 is
2364 1080 2570 1152 filiam

484 1233 850 1301 Panaceam
920 1224 1297 1322 appellavit.
1364 1228 1618 1299 Succus
1682 1241 1954 1296 coactus
2018 1224 2244 1297 ferulae
2304 1224 2571 1321 qualem

483 1374 808 1461 diximus,
845 1370 1068 1442 radice
1098 1370 1291 1441 multi
1330 1370 1597 1441 corticis
1630 1385 1699 1439 et
1734 1368 1907 1441 salsi.
1949 1375 2093 1442 Hac
2132 1368 2363 1440 evulsa
2395 1382 2594 1440 scro·‘

481 1518 635 1587 bem
672 1514 919 1610 repleri
955 1516 1144 1585 vario
1183 1539 1425 1612 genere
1464 1514 1738 1611 frugum
1786 1512 2025 1612 religio
2076 1530 2175 1585 est
2195 1567 2222 1603 ,
2260 1537 2342 1585 ac
2376 1527 2571 1587 terrae

482 1662 918 1756 piamentum.
971 1660 1155 1750 Ubi,
1213 1674 1284 1730 et
1341 1684 1638 1754 quonam
1692 1660 1883 1733 fieret
1940 1659 2144 1731 mod'o
2165 1713 2189 1751 ,
2253 1675 2322 1731 et
2381 1658 2573 1756 quale

482 1775 770 1876 maxime
803 1806 1228 1911 probaretur,
1268 1793 1444 1876 inter
1478 1806 1832 1903 peregrina
1865 1805 2234 1878 docuimus.
2270 1806 2352 1879 Id
2395 1806 2572 1901 quod

484 1976 523 2021 e
574 1950 970 2022 Macedonia
1025 1950 1324 2022 adfertur
1344 2002 1368 2040 ,
1416 1949 1772 2022 bucolicon
1819 1965 2068 2023 vocant
2087 2004 2109 2039 ,
2154 1954 2572 2023 armentariis

484 2111 724 2190 sponte
759 2110 1222 2207 erumpeptem
1271 2120 1547 2167 succum
1585 2096 2070 2191 excipientibus
2121 2123 2139 2166 ε
2191 2097 2323 2167 hoc
2362 2096 2570 2168 celer-

483 2242 653 2310 rime
682 2239 1035 2312 evanescit.
1074 2242 1161 2310 Et
1197 2240 1268 2308 in
1304 2237 1450 2309 aliis
1490 2254 1712 2309 autem
1752 2233 2109 2337 generibus
2148 2240 2570 2337 improbatur

480 2373 767 2452 maxime
808 2382 1076 2478 nigrum
1117 2406 1196 2453 ac
1242 2380 1463 2454 molle.
1514 2381 1593 2452 Id
1628 2383 1806 2454 enim
1846 2373 2243 2480 argumento
2280 2401 2382 2456 est
2417 2409 2569 2455 cera

477 2525 853 2598 adulterati.

1157 3214 1373 3270 Panace
1408 3211 1699 3270 heraclion
1718 3252 1736 3283 ,
1776 3197 1882 3269 11⁶1.

566 3422 718 3491 XII.
757 3420 1058 3492 Alterum
1097 3432 1308 3519 genus
1343 3419 1684 3493 heraclion
1720 3434 1999 3512 vocant,
2040 3435 2107 3491 et
2147 3418 2231 3490 ab
2276 3417 2558 3490 Hercule

473 3569 818 3638 inventum
873 3562 1149 3640 tradunt
1200 3595 1216 3638 ε
1274 3567 1389 3639 alii
1445 3569 1805 3664 origanum
1860 3565 2391 3647 heracleoticum
2453 3565 2562 3637 sil-

471 3715 694 3784 vestre
718 3767 737 3803 ,
780 3717 1097 3809 quoniam
1133 3729 1235 3784 est
1271 3715 1551 3810 origano
1593 3712 1810 3791 simile
1831 3765 1851 3802 ,
1891 3712 2116 3783 radice
2154 3703 2387 3783 inutili
2432 3738 2449 3781 z
2491 3710 2569 3779 de

482 3886 616 3954 quo
661 3862 941 3956 origano
977 3859 1288 3928 diximus.

488 4162 519 4175 p
