2846 4869
848 677 966 782 C.
1042 677 1446 782 PLINII
1513 678 2107 784 SECUNDI

531 977 1757 1106 HISTORIARUM
1851 980 2422 1107 MUNDI

1099 1311 1466 1396 LIBER
1534 1313 1854 1397 XXIV.

689 1599 1058 1635 MEDICINAE
1114 1598 1203 1636 Ex
1261 1599 1669 1636 Annonlnus
1724 1598 2245 1635 SILVESTRIBUS.

1341 1812 1562 1830 *—

633 1994 947 2050 Discordiae
977 1994 1039 2049 in
1071 1995 1374 2053 arboribus
1412 2005 1470 2050 et
1507 1994 1703 2053 herbis
1722 2035 1739 2059 ‚
1780 2004 1950 2069 atque
1981 1966 2320 2050 concordiae.

427 2212 479 2275 Ι.
538 2232 592 2277 1.
644 2152 805 2280 NE
857 2208 1036 2278 silvae
1083 2208 1396 2303 quidem,
1451 2207 1923 2302 horridiorque
1973 2222 2226 2277 naturae
2278 2206 2517 2296 facies»,

430 2353 778 2423 medicinis
825 2370 1095 2443 carent,
1148 2380 1335 2425 sacra
1393 2342 1507 2424 ilia
1564 2370 1839 2452 parente
1887 2379 2125 2423 rerum.
2170 2355 2516 2442 omnium,

429 2524 757 2592 nusquam
800 2526 936 2569 non
976 2501 1270 2570 remedia
1307 2501 1701 2596 disponente
1741 2501 2037 2586 homini,
2080 2514 2159 2569 ut
2191 2498 2519 2570 medicina

428 2645 614 2714 fieret
659 2645 858 2716 etiam
899 2639 1189 2732 solitudo
1223 2648 1366 2741 ipsa
1400 2672 1416 2716 :
1457 2646 1570 2716 sed
1614 2646 1699 2715 ad
1736 2646 2000 2743 singula
2041 2645 2218 2715 illius
2262 2645 2516 2715 discor-

429 2795 552 2864 diae
600 2808 800 2887 atque
847 2791 1219 2861 concordiae
1260 2790 1598 2861 miraculis
1639 2792 2165 2862 occursantibus,
2214 2791 2520 2879 Quercus

365 2909 374 2919 ⁵
425 2944 490 2998 et
531 2928 676 2997 olea
729 2944 862 2996 tam
912 2930 1232 3022 pertinaci
1280 2927 1437 2997 odio
1478 2928 1840 3016 dissident,
1880 2942 1956 2997 ut
1991 2927 2195 2997 altera
2247 2927 2315 2996 in
2359 2926 2522 2997 alte-

427 3065 565 3134 rius
602 3064 835 3134 scrobe
875 3063 1173 3159 depactae
1217 3066 1587 3135 moriantur
1624 3092 1639 3134 t
1688 3089 1969 3159 quercus
2023 3088 2180 3132 vero
2225 3078 2291 3132 et
2323 3064 2520 3156 juxta

427 3225 665 3271 nucem
722 3199 1137 3297 juglandem.
1207 3197 1599 3272 Pernicialia
1662 3218 1728 3272 et
1791 3202 2095 3271 brassicae
2165 3224 2320 3270 cum
2382 3201 2519 3270 vite

350 3338 363 3344 ”
425 3337 580 3408 odia
620 3364 635 3406 t
681 3339 899 3431 ipsum
939 3339 1128 3428 oluS,
1176 3364 1312 3433 quo
1357 3340 1508 3425 vitis
1545 3339 1846 3435 fugatur,
1896 3337 2247 3407 adversum
2296 3335 2518 3432 cycla-

424 3477 608 3545 mino
645 3492 725 3578 et.
757 3477 1037 3571 origano
1083 3478 1338 3546 arescit.
1381 3477 1567 3565 Quin
1605 3491 1672 3545 et
1708 3499 1994 3544 annosas
2034 3476 2211 3568 jam,
2257 3489 2324 3543 et
2370 3500 2518 3568 quae

424 3585 808 3684 sternantur
830 3612 1135 3697 arboreS‚
1162 3611 1500 3683 difficilius
1525 3611 1716 3700 caedi,
1740 3637 1818 3681 ac
1846 3610 2120 3681 celerius
2149 3612 2517 3680 inarescere

424 3749 737 3839 tradunt,
786 3752 837 3817 si
884 3751 1069 3844 prius
1109 3775 1351 3838 manu,
1397 3775 1600 3845 quam
1639 3749 1860 3835 ferro,
1903 3726 2336 3843 attingantur.
2381 3751 2514 3817 Po-

423 3912 686 3957 morum
729 3911 932 3955 onera
980 3912 1019 3958 a
1054 3887 1377 3980 jumentis
1416 3888 1642 3955 statim
1687 3886 1915 3954 sentiri
1968 3910 1983 3951 :
2030 3909 2108 3951 ac
2152 3884 2280 3951 nisi
2329 3887 2515 3980 prius

422 4022 863 4093 ostendantur
905 4024 1038 4111 his,
1077 4026 1379 4117 quamvis
1425 4049 1634 4117 pauca
1680 4036 1986 4116 portent,
2024 4017 2263 4088 sudare
2308 4019 2505 4089 illico.
