2846 4869
517 401 630 477 276
759 405 765 409 ·
934 357 1014 460 ὀ.
1057 403 1295 459 PL1N11
1337 399 1532 459 ms'r.
1576 401 1758 458 NATs
1792 389 1935 457 Lm.
1960 397 2141 458 xxv.

478 521 831 624 *plerique
874 526 1004 598 Alii
1042 527 1199 598 folia
1242 530 1458 623 nigri,
1494 527 1770 623 platano
1817 527 2055 597 similia
2078 582 2096 612 ‚
2145 528 2259 596 sed
2292 528 2580 615 minora,

518 674 944 768 nigrioraque
983 687 1051 741 et
1094 667 1400 765 pluribus
1445 670 1754 740 divisuris
1795 673 1993 742 scissa
2027 697 2043 739 z
2076 667 2254 758 albi,
2292 669 2451 738 betae
2486 669 2579 737 in-

517 820 822 914 cipientis
857 846 871 886 :
910 820 1051 888 haec
1084 841 1350 912 quoque
1392 817 1688 913 nigriora
1706 869 1726 904 ‚
1765 832 1835 904 et
1870 814 2209 887 canalium
2248 789 2444 885 dorso
2479 840 2584 883 ru-

514 965 870 1034 bescentia.
912 966 1213 1057 Utraque
1244 961 1433 1031 caule
1464 961 1668 1057 palmi
1706 951 2074 1049 ferulaceo,
2103 959 2458 1031 bulborum
2488 974 2584 1029 tu-

518 1111 682 1179 nicis
719 1105 1114 1193 convoluto,
1150 1107 1371 1177 radice
1410 1108 1742 1177 fimbriata
1772 1106 2344 1206 ceparum-modo,
2391 1107 2586 1201 Nigro

516 1257 669 1348 equi
692 1308 710 1338 ‚
753 1225 996 1340 boreS,
1048 1278 1198 1324 sues
1248 1268 1573 1348 necantur
1617 1280 1633 1321 ε
1678 1255 1903 1348 itaque
1948 1268 2186 1323 cavent
2232 1252 2344 1342 id,
2395 1276 2589 1346 quum

515 1398 805 1482 candido
840 1412 1214 1473 vescantur.
1246 1400 1743 1492 Tempestivum
1782 1423 1921 1468 esse
1956 1399 2232 1468 tradunt
2260 1398 2586 1467 messibus,

514 1542 888 1613 Plurimum
926 1544 1488 1611 autem-nascitur
1523 1545 1592 1610 in
1636 1543 1815 1612 OEta
1854 1558 2079 1614 monte
2112 1569 2128 1611 z
2172 1558 2239 1612 et
2274 1543 2592 1637 optimum

516 1713 652 1757 uno
694 1689 834 1783 ejus
883 1685 1031 1756 loco
1082 1689 1255 1757 circa
1303 1690 1565 1781 Pyram.
1613 1689 1900 1783 Nigrum
1955 1689 2202 1783 ubique
2256 1650 2591 1782 provenit,

515 1832 629 1904 sed
663 1832 903 1904 melius
930 1802 1023 1900 in
1045 1831 1402 1921 Helicone,
1440 1834 1556 1927 qui
1598 1855 1791 1903 mons
1824 1849 1898 1903 et
1928 1832 2075 1904 aliis
2109 1832 2425 1904 laudatur
2453 1835 2592 1903 her-

518 1980 639 2045 bis.
671 1976 1054 2046 Candidum
1093 1977 1418 2069 probatur
1442 1991 1704 2045 oetaeum
1745 2002 1761 2044 ε
1802 1977 2169 2046 secundum
2200 1980 2542 2072 ponticum
2572 2003 2586 2046 τ

364 2185 365 2192 ,
438 2171 460 2200 ,,
518 2122 713 2191 tertio
764 2120 913 2210 loco
971 2116 1362 2205 eleaticum‚
1418 2120 1598 2213 quod
1657 2122 1726 2188 in,
1775 2121 2021 2190 vitibus
2077 2122 2256 2191 nasci
2314 2122 2534 2192 ferunt
2576 2147 2589 2188 :

517 2282 759 2364 quarto
800 2266 1245 2358 parnassium,
1273 2265 1456 2360 quod
1486 2265 1902 2336 adulteratur
1934 2264 2228 2368 ¹aetolum,
2258 2292 2339 2336 ex
2363 2268 2589 2335 vicino.

618 3199 905 3292 Nigrum
941 3224 1021 3268 ex
1056 3200 1160 3307 liis
1194 3197 1987 3293 'melampodion·vocant
2014 3253 2032 3282 ‚
2092 3215 2335 3294 quoet
2374 3200 2596 3269 domos

521 3340 796 3431 suffiunt
819 3395 841 3425 ,
892 3326 1314 3440 purgantque
1336 3394 1355 3431 ‚
1402 3338 1782 3438 spargentes
1828 3358 1895 3412 et
1941 3367 2175 3437 pecora
2201 3397 2220 3430 ‚
2255 3366 2410 3427 oum
2452 3367 2595 3437 pre·

474 3516 479 3521 ·
521 3487 783 3554 catione
824 3485 1130 3557 sollemni
1165 3500 1194 3557 τ’
1222 3488 1353 3558 hoc
1391 3501 1456 3556 et
1493 3486 1866 3582 religiosius
1908 3487 2280 3583 conigium·
2305 3490 2597 3561 Primum

499 3631 698 3698 ‘enim
753 3629 977 3727 gladio
1018 3625 1614 3703 circumscribitur(
1657 3635 1835 3703 Dein
1884 3634 1999 3726 qui
2045 3620 2419 3701 succisurus
2466 3643 2596 3712 est,

522 3789 748 3844 ortum
787 3788 1052 3871 spectat·
1074 3803 1088 3843 :
1110 3766 1195 3844 'et
1234 3790 1568 3870 precatur,
1606 3792 1679 3846 ut
1723 3758 1790 3845 id
1832 3775 2027 3846 liceat
2055 3746 2196 3863 ‘sibi
2216 3762 2596 3845 “conceden-

521 3886 698 4003 iibus
732 3920 856 3990 diis
885 3920 1130 4025 facere,
1160 3921 1603 4015 observatque
1643 3921 1882 4016 aquilae
1916 3902 2224 3990 volatus:
2259 3919 2395 4013 fere
2427 3917 2594 3988 enim

519 4062 898 4143 secantibus
922 4065 1221 4135 'interest
1262 4091 1276 4132 ε
1326 4076 1388 4134 et
1432 4067 1488 4133 si
1535 4084 1744 4165 prope
1768 4040 2156 4149 radiabant,
2195 4065 2585 4133 moriturum
