2846 4869
574 386 689 447 332
1005 387 1068 444 c.
1108 383 1350 444 PL1N11
1389 373 1585 444 msr.
1628 386 1807 443 NAT.
1850 387 1994 443 un.
2024 354 2214 444 xxv.

548 514 723 615 ‘dice
758 514 952 609 nigra
987 564 1007 599 ,
1052 538 1270 584 crassa
1291 566 1310 601 ,
1367 515 1556 609 gravi
1595 512 1842 602 odore,
1891 537 2167 584 succosa
2199 539 2216 583 ε
2258 513 2537 608 gignitur
2569 516 2626 583 in

574 657 916 729 montibus
953 659 1222 754 opacis:
1257 656 1515 728 foditur
1550 657 1734 727 exitu
1765 659 2092 728 autumni.
2136 654 2407 727 Placent
2435 671 2625 726 tener-

577 804 761 873 rimae
793 819 861 873 et
888 801 1223 872 altissimae
1255 800 1514 872 radices
1542 829 1561 872 t
1594 802 1697 874 hae
1728 797 2175 873 conciduntur
2206 803 2278 872 in
2303 817 2630 897 quaternos

579 948 823 1044 digitos
859 948 1063 1018 osseis
1106 944 1393 1017 cultellis
1419 998 1440 1035 ,
1483 924 1909 1042 funduntque
1947 971 2226 1018 succum
2266 948 2337 1017 in
2380 947 2629 1033 umbra,

573 1093 793 1187 capite
827 1093 1015 1185 prius
1067 1104 1138 1160 et
1174 1090 1449 1161 naribus
1503 1113 1773 1160 rosaceo
1829 1091 2174 1184 perunctis
2197 1142 2218 1179 ,
2267 1113 2353 1159 ne
2403 1092 2631 1184 vertigo

581 1236 922 1308 sentiatur.
965 1237 1053 1304 Et
1088 1231 1260 1306 alius
1297 1257 1535 1305 succus
1576 1231 1919 1305 invenitur
1949 1223 2250 1305 caulibus
2288 1234 2630 1321 adhaerens,

583 1381 939 1473 incisisque
976 1353 1226 1449 manat.
1273 1379 1607 1449 Probatur
1643 1357 2078 1450 crassitudine
2123 1377 2398 1469 mellea,
2441 1378 2630 1449 colore

575 1524 755 1613 ruf0,
792 1524 1000 1595 odore
1037 1525 1330 1594 suaviter
1359 1526 1567 1619 gravi,
1600 1525 1859 1594 fervens
1889 1537 2109 1620 gustu.
2146 1528 2232 1594 Et
2262 1526 2377 1595 hic
2408 1526 2474 1593 in
2504 1550 2629 1610 usu,

574 1683 643 1738 et
698 1666 890 1737 radix
925 1718 946 1753 ,
996 1681 1069 1735 et
1108 1666 1463 1737 decoctum
1524 1668 1665 1761 ejus
1692 1720 1712 1759 ‚
1769 1666 2075 1763 plurimis
2139 1667 2628 1738 medicamentis.

572 1817 801 1885 Succo-
817 1828 1037 1884 tamen
1060 1791 1545 1903 efficacissimo,
1568 1814 1684 1906 qui
1705 1811 2061 1882 resolvitur
2082 1813 2332 1884 amaris
2352 1812 2633 1909 amygda-

575 1959 656 2029 lis
672 2013 695 2049 „
730 1973 848 2028 aut
880 1951 1031 2028 ruta
1072 1983 1088 2027 :
1129 1957 1522 2060 bibiturque
1566 1972 1799 2028 contra
1851 1971 2228 2053 serpenteS‚
2272 1973 2340 2028 et
2377 1985 2458 2028 ex
2509 1956 2628 2028 oleo

456 2108 458 2111 ’
570 2117 926 2200 perunctos
960 2118 1205 2173 tuetur.

1415 2558 1662 2623 Ebulum
1679 2601 1695 2628 ,
1724 2578 1808 2614 Vl.

663 2773 910 2840 LXXI.
959 2795 1065 2840 10.
1100 2751 1301 2841 Ebuli
1335 2790 1622 2865 quoque,
1658 2793 1858 2863 quem
1893 2792 2093 2838 nemo
2127 2768 2430 2862 ignorat,
2471 2760 2628 2828 fumo

573 2916 893 3011 fugantur
933 2931 1289 3011 serpentes.

1386 3101 1720 3163 Polemonia
1737 3143 1754 3172 ,
1793 3119 1843 3156 ι.

659 3323 940 3390 LXXII.
974 3323 1299 3391 Privatim
1329 3293 1718 3391 adversatur
1755 3319 2216 3414 scorpionibus
2250 3314 2619 3413 polemoniae

561 3463 790 3552 radiX,
820 3463 920 3533 vel
954 3464 1308 3560 adalligata
1342 3480 1608 3535 tantum
1635 3491 1649 3533 ε
1688 3466 1854 3553 itemx
1876 3462 2258 3559 phalangi0‚
2295 3487 2372 3531 ac
2403 3457 2613 3530 ceteris

568 3608 939 3677 minoribus
984 3611 1340 3680 venenatis.
1391 3608 1870 3705 scorpionibus
1908 3605 2375 3676 aristolochia:
2420 3601 2619 3697 agari·

469 3740 474 3744 ⁴
551 3781 708 3825 cum
754 3751 968 3823 obolis
1003 3771 1292 3848 quatuor
1327 3756 1395 3825 in
1439 3756 1574 3826 vini
1618 3756 1806 3824 mixti
1834 3755 2108 3855 ‘cyathis
2152 3752 2447 3822 totidem.
2464 3753 2617 3819 Ver·

555 3905 803 3974 benaca
832 3918 898 3972 et
925 3900 1283 3998 phalangio
1318 3929 1470 3975 cum
1502 3902 1663 3974 vino
1698 3876 1822 3973 aut]
1844 3923 2084 3994 poscat
2120 3901 2280 3969 item
2311 3896 2617 3992 quinque·

558 4047 795 4120 folium
820 4102 841 4140 ,
876 4047 1183 4118 daucum.
