<?xml version="1.0" encoding="UTF-8"?>
<!DOCTYPE html PUBLIC "-//W3C//DTD XHTML 1.0 Transitional//EN"
    "http://www.w3.org/TR/xhtml1/DTD/xhtml1-transitional.dtd">
<html xmlns="http://www.w3.org/1999/xhtml" xml:lang="en" lang="en">
 <head>
  <title>
</title>
<meta http-equiv="Content-Type" content="text/html;charset=utf-8" />
  <meta name='ocr-system' content='tesseract 3.04.00' />
  <meta name='ocr-capabilities' content='ocr_page ocr_carea ocr_par ocr_line ocrx_word'/>
</head>
<body>
  <div class='ocr_page' id='page_1' title='image "./histoirenaturel01grangoog_0152.png"; bbox 0 0 2846 4869; ppageno 0'>
   <div class='ocr_carea' id='block_1_1' title="bbox 457 377 2150 446">
    <p class='ocr_par' dir='ltr' id='par_1_1' title="bbox 457 377 2150 446">
     <span class='ocr_line' id='line_1_1' title="bbox 457 377 2150 446; baseline -0.003 -10"><span class='ocrx_word' id='word_1_1' title='bbox 457 388 568 446; x_wconf 77' lang='lat'><strong>142</strong></span> <span class='ocrx_word' id='word_1_2' title='bbox 910 380 972 435; x_wconf 90' lang='lat' dir='ltr'><strong>C.</strong></span> <span class='ocrx_word' id='word_1_3' title='bbox 1016 377 1249 433; x_wconf 89' lang='lat' dir='ltr'>PLINII</span> <span class='ocrx_word' id='word_1_4' title='bbox 1292 377 1485 434; x_wconf 88' lang='lat' dir='ltr'><strong>HIST.</strong></span> <span class='ocrx_word' id='word_1_5' title='bbox 1531 377 1707 434; x_wconf 66' lang='lat' dir='ltr'><strong>NAT.</strong></span> <span class='ocrx_word' id='word_1_6' title='bbox 1747 377 1890 433; x_wconf 89' lang='lat' dir='ltr'><strong>LIB.</strong></span> <span class='ocrx_word' id='word_1_7' title='bbox 1935 377 2150 433; x_wconf 86' lang='lat' dir='ltr'><strong>XXIV.</strong></span> 
     </span>
    </p>
   </div>
   <div class='ocr_carea' id='block_1_2' title="bbox 449 502 2558 1177">
    <p class='ocr_par' dir='ltr' id='par_1_2' title="bbox 449 502 2558 1177">
     <span class='ocr_line' id='line_1_2' title="bbox 455 502 2548 598; baseline -0.001 -26"><span class='ocrx_word' id='word_1_8' title='bbox 455 503 831 589; x_wconf 81' lang='lat' dir='ltr'><strong>medeatur,</strong></span> <span class='ocrx_word' id='word_1_9' title='bbox 875 502 1498 598; x_wconf 83' lang='lat' dir='ltr'><strong>supervenientique</strong></span> <span class='ocrx_word' id='word_1_10' title='bbox 1539 518 1638 573; x_wconf 91' lang='lat' dir='ltr'><strong>ter</strong></span> <span class='ocrx_word' id='word_1_11' title='bbox 1677 502 1932 589; x_wconf 80' lang='lat' dir='ltr'><strong>dicere,</strong></span> <span class='ocrx_word' id='word_1_12' title='bbox 1964 503 2198 595; x_wconf 87' lang='lat' dir='ltr'><strong>jejuno</strong></span> <span class='ocrx_word' id='word_1_13' title='bbox 2231 503 2548 597; x_wconf 87' lang='lat' dir='ltr'><strong>jejunum</strong></span> 
     </span>
     <span class='ocr_line' id='line_1_3' title="bbox 449 622 2558 741; baseline -0.001 -25"><span class='ocrx_word' id='word_1_14' title='bbox 449 646 1009 719; x_wconf 85' lang='lat' dir='ltr'><strong>medicamentum</strong></span> <span class='ocrx_word' id='word_1_15' title='bbox 1047 646 1244 733; x_wconf 88' lang='lat' dir='ltr'><strong>dare,</strong></span> <span class='ocrx_word' id='word_1_16' title='bbox 1279 661 1478 741; x_wconf 89' lang='lat' dir='ltr'><strong>atque</strong></span> <span class='ocrx_word' id='word_1_17' title='bbox 1516 648 1607 716; x_wconf 84' lang='lat' dir='ltr'><strong>ita</strong></span> <span class='ocrx_word' id='word_1_18' title='bbox 1648 645 2040 741; x_wconf 82' lang='lat' dir='ltr'><strong>adalligare,</strong></span> <span class='ocrx_word' id='word_1_19' title='bbox 2077 646 2431 740; x_wconf 89' lang='lat' dir='ltr'><strong>triduoque</strong></span> <span class='ocrx_word' id='word_1_20' title='bbox 2478 622 2558 714; x_wconf 86' lang='lat' dir='ltr'><strong>id</strong></span> 
     </span>
     <span class='ocr_line' id='line_1_4' title="bbox 453 790 2556 886; baseline -0.002 -24"><span class='ocrx_word' id='word_1_21' title='bbox 453 794 689 862; x_wconf 86' lang='lat' dir='ltr'><strong>facere.</strong></span> <span class='ocrx_word' id='word_1_22' title='bbox 728 791 930 881; x_wconf 79' lang='lat' dir='ltr'><strong>Quod</strong></span> <span class='ocrx_word' id='word_1_23' title='bbox 963 816 999 859; x_wconf 94' lang='lat' dir='ltr'><strong>e</strong></span> <span class='ocrx_word' id='word_1_24' title='bbox 1035 792 1412 886; x_wconf 85' lang='lat' dir='ltr'><strong>graminum</strong></span> <span class='ocrx_word' id='word_1_25' title='bbox 1447 815 1684 885; x_wconf 85' lang='lat' dir='ltr'><strong>genere</strong></span> <span class='ocrx_word' id='word_1_26' title='bbox 1716 803 1977 885; x_wconf 82' lang='lat' dir='ltr'><strong>septem&#39;</strong></span> <span class='ocrx_word' id='word_1_27' title='bbox 2010 790 2384 882; x_wconf 86' lang='lat' dir='ltr'><strong>internodia</strong></span> <span class='ocrx_word' id='word_1_28' title='bbox 2420 790 2556 857; x_wconf 89' lang='lat' dir='ltr'><strong>ha-</strong></span> 
     </span>
     <span class='ocr_line' id='line_1_5' title="bbox 453 934 2557 1034; baseline -0.002 -28"><span class='ocrx_word' id='word_1_29' title='bbox 453 937 599 1024; x_wconf 87' lang='lat' dir='ltr'><strong>bet,</strong></span> <span class='ocrx_word' id='word_1_30' title='bbox 634 935 1086 1005; x_wconf 89' lang='lat' dir='ltr'><strong>efficacissime</strong></span> <span class='ocrx_word' id='word_1_31' title='bbox 1115 937 1317 1029; x_wconf 90' lang='lat' dir='ltr'><strong>capiti</strong></span> <span class='ocrx_word' id='word_1_32' title='bbox 1356 950 1592 1005; x_wconf 89' lang='lat' dir='ltr'><strong>contra</strong></span> <span class='ocrx_word' id='word_1_33' title='bbox 1626 934 1887 1005; x_wconf 89' lang='lat' dir='ltr'><strong>dolores</strong></span> <span class='ocrx_word' id='word_1_34' title='bbox 1920 934 2341 1034; x_wconf 67' lang='lat' dir='ltr'><strong>adalligatur.</strong></span> <span class='ocrx_word' id='word_1_35' title='bbox 2370 936 2557 1023; x_wconf 88' lang='lat' dir='ltr'><strong>Qui·</strong></span> 
     </span>
     <span class='ocr_line' id='line_1_6' title="bbox 455 1080 2556 1177; baseline -0 -28"><span class='ocrx_word' id='word_1_36' title='bbox 455 1080 607 1150; x_wconf 89' lang='lat' dir='ltr'><strong>dam</strong></span> <span class='ocrx_word' id='word_1_37' title='bbox 636 1095 911 1175; x_wconf 86' lang='lat' dir='ltr'><strong>propter</strong></span> <span class='ocrx_word' id='word_1_38' title='bbox 945 1081 1178 1149; x_wconf 83' lang='lat' dir='ltr'><strong>vesicae</strong></span> <span class='ocrx_word' id='word_1_39' title='bbox 1209 1081 1542 1150; x_wconf 91' lang='lat' dir='ltr'><strong>cruciatus</strong></span> <span class='ocrx_word' id='word_1_40' title='bbox 1578 1082 1929 1151; x_wconf 87' lang='lat' dir='ltr'><strong>decoctum</strong></span> <span class='ocrx_word' id='word_1_41' title='bbox 1962 1106 2043 1151; x_wconf 85' lang='lat' dir='ltr'><strong>ex</strong></span> <span class='ocrx_word' id='word_1_42' title='bbox 2078 1083 2232 1151; x_wconf 87' lang='lat' dir='ltr'><strong>vino</strong></span> <span class='ocrx_word' id='word_1_43' title='bbox 2266 1104 2556 1177; x_wconf 87' lang='lat' dir='ltr'><strong>gramen</strong></span> 
     </span>
    </p>
   </div>
   <div class='ocr_carea' id='block_1_3' title="bbox 457 1222 1754 1322">
    <p class='ocr_par' dir='ltr' id='par_1_3' title="bbox 457 1222 1754 1322">
     <span class='ocr_line' id='line_1_7' title="bbox 457 1222 1754 1322; baseline 0.002 -28"><span class='ocrx_word' id='word_1_44' title='bbox 457 1225 540 1294; x_wconf 91' lang='lat' dir='ltr'><strong>ad</strong></span> <span class='ocrx_word' id='word_1_45' title='bbox 579 1224 886 1295; x_wconf 88' lang='lat' dir='ltr'><strong>dimidias</strong></span> <span class='ocrx_word' id='word_1_46' title='bbox 926 1251 964 1294; x_wconf 89' lang='lat' dir='ltr'><strong>a</strong></span> <span class='ocrx_word' id='word_1_47' title='bbox 1006 1225 1283 1295; x_wconf 89' lang='lat' dir='ltr'><strong>balineis</strong></span> <span class='ocrx_word' id='word_1_48' title='bbox 1323 1222 1464 1295; x_wconf 86' lang='lat' dir='ltr'><strong>bibi</strong></span> <span class='ocrx_word' id='word_1_49' title='bbox 1493 1228 1754 1322; x_wconf 86' lang='lat' dir='ltr'><strong>jubent.</strong></span> 
     </span>
    </p>
   </div>
   <div class='ocr_carea' id='block_1_4' title="bbox 1305 1754 1704 1828">
    <p class='ocr_par' dir='ltr' id='par_1_4' title="bbox 1305 1754 1704 1828">
     <span class='ocr_line' id='line_1_8' title="bbox 1305 1754 1704 1828; baseline 0 -20"><span class='ocrx_word' id='word_1_50' title='bbox 1305 1754 1573 1828; x_wconf 82' lang='lat' dir='ltr'><strong>Dactylos</strong></span> <span class='ocrx_word' id='word_1_51' title='bbox 1592 1795 1609 1822; x_wconf 91' lang='lat'>,</span> <span class='ocrx_word' id='word_1_52' title='bbox 1649 1771 1704 1808; x_wconf 83' lang='lat' dir='ltr'><strong>v.</strong></span> 
     </span>
    </p>
   </div>
   <div class='ocr_carea' id='block_1_5' title="bbox 458 1910 2556 3445">
    <p class='ocr_par' dir='ltr' id='par_1_5' title="bbox 458 1910 2556 3445">
     <span class='ocr_line' id='line_1_9' title="bbox 458 1910 2556 2021; baseline -0.003 -24"><span class='ocrx_word' id='word_1_53' title='bbox 458 1926 463 1933; x_wconf 76' lang='grc'><strong>’</strong></span> <span class='ocrx_word' id='word_1_54' title='bbox 559 1929 796 1997; x_wconf 85' lang='lat' dir='ltr'>CXIX.</span> <span class='ocrx_word' id='word_1_55' title='bbox 838 1929 1012 1996; x_wconf 89' lang='lat' dir='ltr'><strong>Sunt</strong></span> <span class='ocrx_word' id='word_1_56' title='bbox 1051 1926 1167 2020; x_wconf 91' lang='lat' dir='ltr'><strong>qui</strong></span> <span class='ocrx_word' id='word_1_57' title='bbox 1209 1942 1277 1996; x_wconf 91' lang='lat' dir='ltr'><strong>et</strong></span> <span class='ocrx_word' id='word_1_58' title='bbox 1320 1926 1697 1997; x_wconf 86' lang='lat' dir='ltr'><strong>aculeatum</strong></span> <span class='ocrx_word' id='word_1_59' title='bbox 1735 1942 2008 2021; x_wconf 87' lang='lat' dir='ltr'><strong>gramen</strong></span> <span class='ocrx_word' id='word_1_60' title='bbox 2059 1910 2303 1993; x_wconf 84' lang='lat' dir='ltr'><strong>vocent</strong></span> <span class='ocrx_word' id='word_1_61' title='bbox 2339 1924 2556 1992; x_wconf 84' lang='lat' dir='ltr'><strong>trium</strong></span> 
     </span>
     <span class='ocr_line' id='line_1_10' title="bbox 462 2046 2554 2167; baseline -0.002 -26"><span class='ocrx_word' id='word_1_62' title='bbox 462 2096 781 2167; x_wconf 89' lang='lat' dir='ltr'><strong>generum</strong></span> <span class='ocrx_word' id='word_1_63' title='bbox 839 2097 854 2139; x_wconf 74' lang='grc' dir='ltr'><em>τ</em></span> <span class='ocrx_word' id='word_1_64' title='bbox 910 2046 1118 2164; x_wconf 86' lang='lat' dir='ltr'><strong>quum</strong></span> <span class='ocrx_word' id='word_1_65' title='bbox 1173 2069 1245 2144; x_wconf 81' lang='lat' dir='ltr'><strong>in</strong></span> <span class='ocrx_word' id='word_1_66' title='bbox 1305 2073 1651 2141; x_wconf 83' lang='lat' dir='ltr'><strong>cacumine</strong></span> <span class='ocrx_word' id='word_1_67' title='bbox 1698 2069 1910 2139; x_wconf 84' lang='lat' dir='ltr'><strong>aculei</strong></span> <span class='ocrx_word' id='word_1_68' title='bbox 1944 2047 2121 2142; x_wconf 71' lang='lat' dir='ltr'><strong>sunt</strong></span> <span class='ocrx_word' id='word_1_69' title='bbox 2173 2066 2554 2164; x_wconf 72' lang='lat' dir='ltr'><strong>plui-imum</strong></span> 
     </span>
     <span class='ocr_line' id='line_1_11' title="bbox 461 2213 2552 2313; baseline -0.001 -28"><span class='ocrx_word' id='word_1_70' title='bbox 461 2218 693 2311; x_wconf 88' lang='lat' dir='ltr'><strong>quini,</strong></span> <span class='ocrx_word' id='word_1_71' title='bbox 735 2215 1043 2311; x_wconf 86' lang='lat' dir='ltr'><strong>dactylon</strong></span> <span class='ocrx_word' id='word_1_72' title='bbox 1092 2216 1435 2313; x_wconf 88' lang='lat' dir='ltr'><strong>appellant</strong></span> <span class='ocrx_word' id='word_1_73' title='bbox 1473 2244 1489 2286; x_wconf 76' lang='grc' dir='ltr'><strong><em>ε</em></strong></span> <span class='ocrx_word' id='word_1_74' title='bbox 1531 2218 1655 2286; x_wconf 92' lang='lat' dir='ltr'><strong>hos</strong></span> <span class='ocrx_word' id='word_1_75' title='bbox 1695 2213 2088 2286; x_wconf 81' lang='lat' dir='ltr'><strong>convolutos</strong></span> <span class='ocrx_word' id='word_1_76' title='bbox 2120 2216 2393 2285; x_wconf 89' lang='lat' dir='ltr'><strong>naribus</strong></span> <span class='ocrx_word' id='word_1_77' title='bbox 2439 2213 2552 2283; x_wconf 78' lang='lat' dir='ltr'><strong>i&#39;n-</strong></span> 
     </span>
     <span class='ocr_line' id='line_1_12' title="bbox 460 2358 2550 2456; baseline 0 -27"><span class='ocrx_word' id='word_1_78' title='bbox 460 2374 736 2448; x_wconf 84' lang='lat' dir='ltr'><strong>serunt·,</strong></span> <span class='ocrx_word' id='word_1_79' title='bbox 792 2360 1278 2454; x_wconf 84' lang='lat' dir='ltr'><strong>extrahuntque</strong></span> <span class='ocrx_word' id='word_1_80' title='bbox 1341 2361 1682 2456; x_wconf 85' lang='lat' dir='ltr'><strong>sanguinis</strong></span> <span class='ocrx_word' id='word_1_81' title='bbox 1742 2360 1961 2431; x_wconf 78' lang='lat' dir='ltr'><strong>ciendi</strong></span> <span class='ocrx_word' id='word_1_82' title='bbox 2018 2362 2249 2456; x_wconf 89' lang='lat' dir='ltr'><strong>gratia.</strong></span> <span class='ocrx_word' id='word_1_83' title='bbox 2311 2358 2550 2430; x_wconf 83' lang='lat' dir='ltr'><strong>Altero</strong></span> 
     </span>
     <span class='ocr_line' id='line_1_13' title="bbox 462 2493 2551 2605; baseline 0 -32"><span class='ocrx_word' id='word_1_84' title='bbox 462 2503 642 2597; x_wconf 91' lang='lat' dir='ltr'><strong>quod</strong></span> <span class='ocrx_word' id='word_1_85' title='bbox 681 2519 780 2574; x_wconf 90' lang='lat' dir='ltr'><strong>est</strong></span> <span class='ocrx_word' id='word_1_86' title='bbox 831 2506 1016 2605; x_wconf 75' lang='lat' dir='ltr'><strong>aizop</strong></span> <span class='ocrx_word' id='word_1_87' title='bbox 1058 2493 1271 2601; x_wconf 46' lang='lat' dir='ltr'><strong>simile*</strong></span> <span class='ocrx_word' id='word_1_88' title='bbox 1295 2558 1314 2593; x_wconf 87' lang='lat'>‚</span> <span class='ocrx_word' id='word_1_89' title='bbox 1362 2505 1448 2574; x_wconf 90' lang='lat' dir='ltr'><strong>ad</strong></span> <span class='ocrx_word' id='word_1_90' title='bbox 1496 2506 1900 2600; x_wconf 86' lang='lat' dir='ltr'><strong>paronychia</strong></span> <span class='ocrx_word' id='word_1_91' title='bbox 1948 2521 2016 2575; x_wconf 95' lang='lat' dir='ltr'><strong>et</strong></span> <span class='ocrx_word' id='word_1_92' title='bbox 2065 2507 2366 2600; x_wconf 86' lang='lat' dir='ltr'><strong>pterygia</strong></span> <span class='ocrx_word' id='word_1_93' title='bbox 2416 2531 2551 2574; x_wconf 89' lang='lat' dir='ltr'><strong>un-</strong></span> 
     </span>
     <span class='ocr_line' id='line_1_14' title="bbox 463 2648 2551 2744; baseline 0.001 -26"><span class='ocrx_word' id='word_1_94' title='bbox 463 2649 731 2742; x_wconf 80' lang='lat' dir='ltr'><strong>guium,</strong></span> <span class='ocrx_word' id='word_1_95' title='bbox 774 2663 839 2717; x_wconf 90' lang='lat' dir='ltr'><strong>et</strong></span> <span class='ocrx_word' id='word_1_96' title='bbox 873 2674 1084 2741; x_wconf 89' lang='lat' dir='ltr'><strong>quum</strong></span> <span class='ocrx_word' id='word_1_97' title='bbox 1121 2674 1276 2718; x_wconf 89' lang='lat' dir='ltr'><strong>caro</strong></span> <span class='ocrx_word' id='word_1_98' title='bbox 1313 2648 1653 2744; x_wconf 91' lang='lat' dir='ltr'><strong>unguibus</strong></span> <span class='ocrx_word' id='word_1_99' title='bbox 1692 2651 1975 2719; x_wconf 87' lang='lat' dir='ltr'><strong>increvit</strong></span> <span class='ocrx_word' id='word_1_100' title='bbox 1998 2702 2017 2739; x_wconf 88' lang='lat'><strong>,</strong></span> <span class='ocrx_word' id='word_1_101' title='bbox 2062 2665 2346 2721; x_wconf 81' lang='lat' dir='ltr'><strong>utuntur</strong></span> <span class='ocrx_word' id='word_1_102' title='bbox 2389 2676 2551 2721; x_wconf 87' lang='lat' dir='ltr'><strong>cum</strong></span> 
     </span>
     <span class='ocr_line' id='line_1_15' title="bbox 465 2791 2554 2888; baseline 0.002 -28"><span class='ocrx_word' id='word_1_103' title='bbox 465 2792 757 2885; x_wconf 65' lang='lat' dir='ltr'><strong>axungia</strong></span> <span class='ocrx_word' id='word_1_104' title='bbox 786 2817 800 2859; x_wconf 91' lang='lat'>:</span> <span class='ocrx_word' id='word_1_105' title='bbox 838 2791 990 2860; x_wconf 90' lang='lat' dir='ltr'><strong>ideo</strong></span> <span class='ocrx_word' id='word_1_106' title='bbox 1024 2791 1335 2886; x_wconf 89' lang='lat' dir='ltr'><strong>dactylon</strong></span> <span class='ocrx_word' id='word_1_107' title='bbox 1368 2792 1809 2888; x_wconf 60' lang='lat' dir='ltr'><strong>appellantem,</strong></span> <span class='ocrx_word' id='word_1_108' title='bbox 1839 2795 1999 2888; x_wconf 91' lang='lat' dir='ltr'><strong>quia</strong></span> <span class='ocrx_word' id='word_1_109' title='bbox 2033 2794 2554 2888; x_wconf 80' lang='lat' dir='ltr'><strong>digitismedea-</strong></span> 
     </span>
     <span class='ocr_line' id='line_1_16' title="bbox 462 2930 2550 3035; baseline 0.003 -32"><span class='ocrx_word' id='word_1_110' title='bbox 462 2950 593 3004; x_wconf 87' lang='lat' dir='ltr'><strong>tur.</strong></span> <span class='ocrx_word' id='word_1_111' title='bbox 631 2936 930 3035; x_wconf 85' lang='lat' dir='ltr'><strong>Tertium</strong></span> <span class='ocrx_word' id='word_1_112' title='bbox 966 2960 1175 3030; x_wconf 88' lang='lat' dir='ltr'><strong>genus</strong></span> <span class='ocrx_word' id='word_1_113' title='bbox 1198 2930 1462 3030; x_wconf 63' lang='lat' dir='ltr'><strong>‘dactyli</strong></span> <span class='ocrx_word' id='word_1_114' title='bbox 1485 2988 1505 3024; x_wconf 86' lang='lat'><strong>,</strong></span> <span class='ocrx_word' id='word_1_115' title='bbox 1544 2937 1658 3006; x_wconf 87' lang='lat' dir='ltr'><strong>sed</strong></span> <span class='ocrx_word' id='word_1_116' title='bbox 1691 2937 1904 3005; x_wconf 90' lang='lat' dir='ltr'><strong>tenuis</strong></span> <span class='ocrx_word' id='word_1_117' title='bbox 1927 2989 1945 3024; x_wconf 91' lang='lat'>‚</span> <span class='ocrx_word' id='word_1_118' title='bbox 1981 2941 2276 3008; x_wconf 90' lang='lat' dir='ltr'><strong>nascitur</strong></span> <span class='ocrx_word' id='word_1_119' title='bbox 2318 2939 2388 3006; x_wconf 89' lang='lat' dir='ltr'><strong>in</strong></span> <span class='ocrx_word' id='word_1_120' title='bbox 2430 2966 2550 3035; x_wconf 90' lang='lat' dir='ltr'><strong>pa-</strong></span> 
     </span>
     <span class='ocr_line' id='line_1_17' title="bbox 462 3079 2551 3174; baseline 0.004 -28"><span class='ocrx_word' id='word_1_121' title='bbox 462 3079 755 3168; x_wconf 81' lang='lat' dir='ltr'><strong>rietiniS,</strong></span> <span class='ocrx_word' id='word_1_122' title='bbox 793 3094 909 3149; x_wconf 89' lang='lat' dir='ltr'><strong>aut</strong></span> <span class='ocrx_word' id='word_1_123' title='bbox 948 3079 1206 3174; x_wconf 90' lang='lat' dir='ltr'><strong>tegulis.</strong></span> <span class='ocrx_word' id='word_1_124' title='bbox 1242 3083 1415 3150; x_wconf 89' lang='lat' dir='ltr'><strong>Huic</strong></span> <span class='ocrx_word' id='word_1_125' title='bbox 1455 3082 1743 3151; x_wconf 88' lang='lat' dir='ltr'><strong>caustica</strong></span> <span class='ocrx_word' id='word_1_126' title='bbox 1786 3083 1884 3151; x_wconf 88' lang='lat' dir='ltr'><strong>vis</strong></span> <span class='ocrx_word' id='word_1_127' title='bbox 1924 3098 2042 3151; x_wconf 91' lang='lat' dir='ltr'><strong>est.</strong></span> <span class='ocrx_word' id='word_1_128' title='bbox 2092 3083 2282 3153; x_wconf 90' lang='lat' dir='ltr'><strong>Sistit</strong></span> <span class='ocrx_word' id='word_1_129' title='bbox 2321 3082 2551 3154; x_wconf 91' lang='lat' dir='ltr'><strong>ulcera</strong></span> 
     </span>
     <span class='ocr_line' id='line_1_18' title="bbox 463 3226 2549 3322; baseline 0.002 -30"><span class='ocrx_word' id='word_1_130' title='bbox 463 3248 611 3316; x_wconf 85' lang='lat' dir='ltr'><strong>quae</strong></span> <span class='ocrx_word' id='word_1_131' title='bbox 651 3241 944 3319; x_wconf 90' lang='lat' dir='ltr'><strong>serpunt.</strong></span> <span class='ocrx_word' id='word_1_132' title='bbox 986 3229 1280 3296; x_wconf 87' lang='lat' dir='ltr'><strong>Gramen</strong></span> <span class='ocrx_word' id='word_1_133' title='bbox 1323 3226 1524 3320; x_wconf 84' lang='lat' dir='ltr'><strong>capiti</strong></span> <span class='ocrx_word' id='word_1_134' title='bbox 1565 3227 2091 3317; x_wconf 85' lang='lat' dir='ltr'><strong>circumdatum,</strong></span> <span class='ocrx_word' id='word_1_135' title='bbox 2126 3230 2469 3322; x_wconf 84' lang='lat' dir='ltr'><strong>sanguinis</strong></span> <span class='ocrx_word' id='word_1_136' title='bbox 2511 3254 2549 3297; x_wconf 91' lang='lat' dir='ltr'><strong>e</strong></span> 
     </span>
     <span class='ocr_line' id='line_1_19' title="bbox 464 3368 2543 3445; baseline 0.003 -9"><span class='ocrx_word' id='word_1_137' title='bbox 464 3370 735 3438; x_wconf 89' lang='lat' dir='ltr'><strong>naribus</strong></span> <span class='ocrx_word' id='word_1_138' title='bbox 779 3368 1098 3438; x_wconf 85' lang='lat' dir='ltr'><strong>fluxiones</strong></span> <span class='ocrx_word' id='word_1_139' title='bbox 1138 3372 1329 3438; x_wconf 90' lang='lat' dir='ltr'><strong>sistit.</strong></span> <span class='ocrx_word' id='word_1_140' title='bbox 1370 3368 1677 3445; x_wconf 84' lang='lat' dir='ltr'><strong>&#39;Camelos</strong></span> <span class='ocrx_word' id='word_1_141' title='bbox 1718 3396 1955 3443; x_wconf 85' lang='lat' dir='ltr'><strong>necare</strong></span> <span class='ocrx_word' id='word_1_142' title='bbox 1988 3371 2274 3442; x_wconf 87' lang='lat' dir='ltr'><strong>traditur</strong></span> <span class='ocrx_word' id='word_1_143' title='bbox 2309 3374 2381 3442; x_wconf 90' lang='lat' dir='ltr'><strong>in</strong></span> <span class='ocrx_word' id='word_1_144' title='bbox 2412 3378 2543 3443; x_wconf 91' lang='lat' dir='ltr'><strong>Ba-</strong></span> 
     </span>
    </p>
   </div>
   <div class='ocr_carea' id='block_1_6' title="bbox 463 3484 2134 3609">
    <p class='ocr_par' dir='ltr' id='par_1_6' title="bbox 463 3484 2134 3609">
     <span class='ocr_line' id='line_1_20' title="bbox 463 3484 2134 3609; baseline 0.002 -29"><span class='ocrx_word' id='word_1_145' title='bbox 463 3511 720 3606; x_wconf 91' lang='lat' dir='ltr'><strong>bylonis</strong></span> <span class='ocrx_word' id='word_1_146' title='bbox 753 3492 1025 3608; x_wconf 75' lang='lat' dir='ltr'><strong>regione</strong></span> <span class='ocrx_word' id='word_1_147' title='bbox 1047 3565 1069 3601; x_wconf 83' lang='lat'>‚</span> <span class='ocrx_word' id='word_1_148' title='bbox 1092 3484 1168 3582; x_wconf 57' lang='lat' dir='ltr'><strong>&#39;id</strong></span> <span class='ocrx_word' id='word_1_149' title='bbox 1208 3514 1388 3608; x_wconf 90' lang='lat' dir='ltr'><strong>quod</strong></span> <span class='ocrx_word' id='word_1_150' title='bbox 1417 3515 1607 3609; x_wconf 80' lang='lat' dir='ltr'><strong>juxta</strong></span> <span class='ocrx_word' id='word_1_151' title='bbox 1646 3518 1780 3584; x_wconf 90' lang='lat' dir='ltr'><strong>vias</strong></span> <span class='ocrx_word' id='word_1_152' title='bbox 1821 3518 2134 3586; x_wconf 89' lang='lat' dir='ltr'><strong>nascitur.</strong></span> 
     </span>
    </p>
   </div>
   <div class='ocr_carea' id='block_1_7' title="bbox 939 3825 2192 3908">
    <p class='ocr_par' dir='ltr' id='par_1_7' title="bbox 939 3825 2192 3908">
     <span class='ocr_line' id='line_1_21' title="bbox 939 3825 2192 3908; baseline 0.001 -27"><span class='ocrx_word' id='word_1_153' title='bbox 939 3826 1159 3883; x_wconf 83' lang='lat' dir='ltr'><strong>Fenum</strong></span> <span class='ocrx_word' id='word_1_154' title='bbox 1185 3842 1428 3897; x_wconf 84' lang='lat' dir='ltr'><strong>groeeum</strong></span> <span class='ocrx_word' id='word_1_155' title='bbox 1446 3867 1463 3895; x_wconf 89' lang='lat'>,</span> <span class='ocrx_word' id='word_1_156' title='bbox 1506 3844 1627 3899; x_wconf 84' lang='lat' dir='ltr'><strong>quae</strong></span> <span class='ocrx_word' id='word_1_157' title='bbox 1658 3825 1836 3881; x_wconf 84' lang='lat' dir='ltr'><strong>silicia</strong></span> <span class='ocrx_word' id='word_1_158' title='bbox 1854 3867 1871 3896; x_wconf 89' lang='lat'>‚</span> <span class='ocrx_word' id='word_1_159' title='bbox 1905 3843 2064 3908; x_wconf 68' lang='lat'><strong>11:311.</strong></span> <span class='ocrx_word' id='word_1_160' title='bbox 2182 3846 2192 3853; x_wconf 75' lang='lat'><em>‘</em></span> 
     </span>
    </p>
   </div>
   <div class='ocr_carea' id='block_1_8' title="bbox 461 3986 2545 4105">
    <p class='ocr_par' dir='ltr' id='par_1_8' title="bbox 461 3986 2545 4105">
     <span class='ocr_line' id='line_1_22' title="bbox 461 3986 2545 4105; baseline 0.001 -26"><span class='ocrx_word' id='word_1_161' title='bbox 461 4058 477 4079; x_wconf 68' lang='lat'><strong>—„</strong></span> <span class='ocrx_word' id='word_1_162' title='bbox 562 4010 770 4079; x_wconf 85' lang='lat' dir='ltr'>CXX.</span> <span class='ocrx_word' id='word_1_163' title='bbox 826 4011 965 4078; x_wconf 87' lang='lat' dir='ltr'><strong>Nec</strong></span> <span class='ocrx_word' id='word_1_164' title='bbox 1002 4006 1157 4077; x_wconf 91' lang='lat' dir='ltr'><strong>feno</strong></span> <span class='ocrx_word' id='word_1_165' title='bbox 1195 4033 1408 4103; x_wconf 76' lang='lat' dir='ltr'><strong>graeco</strong></span> <span class='ocrx_word' id='word_1_166' title='bbox 1458 3986 1681 4091; x_wconf 74' lang='lat' dir='ltr'><strong>minor,</strong></span> <span class='ocrx_word' id='word_1_167' title='bbox 1726 4012 2117 4105; x_wconf 76' lang='lat' dir='ltr'><strong>auctoritas,</strong></span> <span class='ocrx_word' id='word_1_168' title='bbox 2157 4010 2339 4104; x_wconf 88' lang='lat' dir='ltr'><strong>quod</strong></span> <span class='ocrx_word' id='word_1_169' title='bbox 2381 4011 2545 4082; x_wconf 90' lang='lat' dir='ltr'><strong>telin</strong></span> 
     </span>
    </p>
   </div>
  </div>
 </body>
</html>
