2846 4869
478 434 545 470 ιο
912 412 975 470 C.
1018 414 1250 471 PLINII
1293 414 1487 472 HIST.
1532 414 1706 471 NAT.
1749 415 1891 470 LIB.
1918 416 2126 473 XXIV.

470 542 755 610 foratam
785 568 800 608 ε
834 540 994 608 item
1030 537 1286 626 albam,
1329 540 1629 633 nigram,
1660 540 1978 633 majorem
2002 594 2021 625 ‚
2055 543 2403 615 minorem.
2435 542 2556 613 Vis

472 687 777 756 omnium
819 683 1069 754 similis.
1120 685 1398 779 Optima
1450 688 1920 780 Commagena.
1965 689 2431 757 Excrescentia
2483 689 2554 755 in

472 855 754 924 corpore
794 828 1060 898 tollunt.
1106 833 1396 905 Prosunt
1447 830 1771 925 gingivis,
1816 856 1998 916 uvae,
2038 833 2173 901 oris
2219 830 2561 901 exulcera-

471 978 661 1046 tioni.
704 979 1031 1046 Crematae
1074 990 1140 1044 et
1183 974 1338 1044 vino
1380 976 1724 1064 extinctae,
1764 975 2048 1047 coeliacis
2071 1031 2089 1065 ‚
2114 976 2565 1072 -dysentericis

473 1119 852 1191 illinuntur.
903 1117 1336 1213 Paronychiis
1378 1145 1461 1191 ex
1496 1118 1729 1211 melle,
1776 1134 1843 1195 et
1880 1121 2218 1214 unguibus
2265 1120 2563 1208 scabris,

474 1265 794 1361 pterygiis
815 1315 834 1348 ‚
882 1261 1216 1343 ulceribus
1263 1263 1720 1350 manantibus,
1759 1263 2247 1358 condylomatis
2268 1316 2289 1350 ‚
2325 1261 2568 1332 vulne·-

474 1409 661 1483 ribus
687 1432 837 1501 quae
860 1388 1332 1501 ⁴phagedaenica
1360 1420 1707 1475 vocantur.
1729 1410 1810 1475 In
1835 1410 1996 1476 vino
2023 1424 2247 1481 autem
2278 1407 2566 1479 decoctae

478 1554 753 1633 auribus
818 1548 1267 1638 instillantur,
1321 1548 1536 1621 oculis
1594 1551 1948 1622 illinuntur
1988 1580 2004 1622 ε
2047 1554 2364 1624 adversus
2411 1579 2567 1627 eru-

477 1699 783 1801 ptioneS‚
829 1710 895 1766 et
935 1721 1144 1797 panos
1183 1721 1338 1773 cum
1374 1711 1584 1773 aceto.
1629 1695 1923 1771 Nucleus
1973 1698 2568 1777 commanducatus

480 1842 786 1927 dentium
852 1812 1157 1911 dolorem·
1210 1840 1398 1911 sedat
1452 1866 1469 1908 ε
1529 1840 1686 1909 item
1745 1841 2199 1937 intertrigines
2222 1896 2241 1927 ‚
2296 1856 2363 1912 et
2420 1868 2567 1911 am·

477 1988 692 2058 busta.
733 1991 1115 2055 Immaturae
1157 2010 1234 2053 ex
1285 1986 1389 2055 his
1442 1962 1532 2054 exi
1562 2001 1753 2055 aceto
1797 2001 2003 2080 potae,
2044 1985 2286 2056 lienem
2325 2014 2569 2083 consu-

483 2102 696 2202 munt.
740 2127 1005 2200 Eaedem
1043 2143 1346 2201 crematae
1369 2182 1387 2212 ,
1435 2144 1502 2198 et
1546 2145 1735 2202 aceto
1772 2129 1942 2200 salso
1989 2132 2336 2222 extinctae,
2378 2158 2569 2207 men-

379 2347 385 2351 ,
487 2301 588 2367 ses
627 2275 912 2374 sistunt,
945 2270 1306 2368 vulvasque
1349 2271 1770 2367 procidentes
1808 2274 1973 2349 fotu,
2009 2279 2248 2350 Omnis
2284 2277 2567 2376 capillos

485 2421 812 2515 denigrat.

1372 3057 1571 3127 Visco,
1609 3074 1694 3117 xi.

587 3271 701 3344 Vl.
741 3271 1016 3344 Viscum
1051 3295 1088 3339 e
1129 3268 1371 3344 robore
1410 3266 1824 3364 praecipuum
1868 3262 2155 3334 diximus
2196 3258 2467 3345 haberi,
2505 3272 2578 3326 et

486 3431 627 3499 quo
658 3407 1098 3482 conficeretur
1134 3406 1354 3480 modo.
1392 3404 1690 3495 Quidam
1732 3416 2089 3472 contusum
2128 3399 2198 3465 in
2235 3421 2409 3490 aqua
2461 3396 2579 3464 de-

488 3549 824 3635 coquunt,
859 3542 1071 3614 donec
1111 3545 1390 3614 innatet.
1427 3542 1724 3633 Quidam
1769 3536 2398 3609 commanducantes
2440 3533 2580 3601 aci-

493 3651 1017 3775 nossexspuunt
1055 3682 1356 3750 cortices.
1393 3681 1747 3775 Optimum
1781 3692 1911 3762 est,
1940 3674 2123 3772 quod
2157 3676 2302 3743 sine
2332 3671 2582 3740 cortice

490 3830 629 3902 est,
670 3815 985 3909 quodque
1037 3814 1486 3902 levissimum,
1538 3830 1718 3886 extra
1775 3811 2071 3902 fulvum,
2115 3813 2295 3881 intus
2337 3834 2573 3903 porra·

488 3928 720 4041 ceum,
769 3978 905 4046 quo
945 3952 1110 4022 nihil
1164 3969 1266 4023 est
1318 3952 1737 4050 glutinosius,
1788 3949 2108 4032 Emollit,
2159 3948 2430 4017 discutit
2473 3961 2579 4014 tu·

493 4115 738 4176 moreS‚
768 4092 964 4161 siccat
1001 4105 1306 4161 strumas,
1330 4094 1510 4160 Cum
1549 4092 1764 4160 resina
1800 4104 1864 4158 et
1900 4113 2046 4157 cera
2080 4111 2289 4183 panos
2322 4086 2585 4179 mitigat
