2846 4869
461 388 533 443 32
885 386 1219 444 C.-PL1NII
1259 386 1451 443 HIST.
1494 387 1663 443 ΝΛΤ.
1707 387 1846 443 LIB.
1876 387 2096 444 XXIV.

465 515 566 583 vis
603 528 670 584 et
708 514 1194 610 adstringendi.
1236 516 1470 583 Movet
1510 528 1576 581 et
1612 527 1767 582 ante
1800 527 2051 583 ceteras
2085 514 2366 584 urinam.
2411 519 2548 586 Re-

466 661 665 757 liquae
705 673 1004 731 ventrem
1037 658 1389 747 molliunt,
1426 657 1634 728 cruda
1667 652 2135 754 concoquunt,
2170 661 2400 729 tussim
2438 687 2553 730 ve-

467 821 678 876 terem
738 805 970 876 sedant
999 859 1019 890 ‚
1072 803 1288 874 vulvae
1346 785 1556 873 onera
1617 805 1976 874 extrahunt
2032 786 2230 874 etiam
2290 805 2551 876 suffitae.

469 950 790 1023 Privatim
825 948 1267 1021 adversantur
1300 949 1501 1031 visc0.
1541 952 1759 1017 Panos
1793 963 1863 1018 et
1903 948 2143 1018 similia
2163 999 2182 1037 ,
2210 975 2366 1019 cum
2397 975 2555 1020 sevo

469 1097 741 1164 taurino
792 1108 861 1163 et
910 1090 1106 1163 melle
1146 1105 1406 1163 sanant.
1456 1089 1815 1185 Palpebras
1856 1092 2207 1163 lentiscina
2235 1116 2561 1164 ²commo-

473 1239 742 1309 dissime
783 1235 1081 1331 replicat.
1129 1234 1387 1304 Fractis
1431 1257 1699 1329 quoque
1737 1232 2125 1324 utilissima,
2168 1252 2236 1306 et
2283 1238 2560 1309 auribus
2620 1323 2628 1329 Ι

473 1382 850 1480 purulentis
897 1406 912 1448 ε
972 1381 1128 1448 item
1180 1379 1251 1447 in
1304 1378 1572 1473 pruritu
1627 1376 2037 1474 genitalium.
2076 1381 2279 1450 Pinea
2324 1384 2563 1478 capitis

472 1525 859 1633 vulneribus
886 1524 1143 1620 optime
1179 1521 1499 1592 medetur.

2409 1892 2506 1971 20

1210 2020 1211 2025 ’
1327 2021 1457 2078 Pice
1475 2061 1491 2093 ,
1526 2037 1727 2077 xxxiv.

480 2278 484 2287 .
569 2230 822 2298 XXIII.
874 2255 937 2326 7.
995 2230 1118 2298 Pix
1175 2254 1444 2326 qnoque
1493 2230 1671 2301 unde
1717 2246 1787 2301 et
1833 2229 2075 2324 quibus
2122 2227 2567 2298 conficeretur

471 2368 725 2460 modis,
780 2371 1219 2444 indicavimus
1280 2401 1296 2444 ε
1356 2390 1423 2444 et
1489 2374 1631 2470 ejus
1688 2375 1824 2445 duo
1886 2399 2168 2471 genera,
2215 2364 2558 2468 spissum,

470 2509 953 2613 liquidumque.
1018 2520 1394 2614 Spissarum
1466 2519 1822 2591 utilissima
1883 2519 2230 2589 medicinae
2288 2518 2565 2604 brutia,

475 2667 790 2758 quoniam
833 2666 1268 2761 pinguissima
1304 2682 1372 2737 et
1426 2667 1916 2736 resinosissima
1957 2680 2272 2759 utrasque
2312 2665 2563 2759 praebet

474 2805 790 2878 utilitates
833 2833 850 2878 ε
898 2810 986 2879 ob
1039 2809 1109 2879 id
1147 2810 1358 2906 magis
1413 2809 1657 2892 rutila,
1703 2835 1905 2904 quam
1953 2825 2207 2879 ceterae.
2259 2808 2339 2877 Id
2381 2809 2561 2878 enim

472 2950 655 3046 quod
688 2954 757 3020 in
790 2952 920 3020 hoc
954 2951 1321 3046 adjiciunt,
1350 2977 1388 3021 e
1420 2950 1720 3022 mascula
1751 2954 1989 3021 arbore
2017 2952 2360 3022 meliorem
2390 2975 2564 3040 esse,

477 3122 611 3165 non
675 3081 968 3166 arbitror
1024 3121 1214 3190 posse
1269 3094 1570 3191 intelligi.
1636 3095 1810 3166 Picis
1868 3110 2108 3165 natura
2165 3085 2512 3166 excalfacit
2539 3148 2562 3184 ‚

472 3242 712 3337 explet.
781 3259 799 3336 J

570 3477 978 3550 Adversatur
1016 3479 1331 3574 privatim
1363 3494 1633 3548 cerastae
1671 3480 2005 3549 morsibus
2041 3499 2193 3548 cum
2232 3477 2502 3572 polenta
2521 3504 2553 3547 ,ε

474 3624 633 3691 item
690 3623 950 3717 anginae
1004 3647 1158 3691 cum
1215 3620 1448 3707 melle,
1504 3613 2046 3691 distillationibus
2104 3636 2172 3690 et
2226 3635 2564 3690 sternuta-

475 3763 716 3837 mentis
756 3794 795 3836 a
833 3761 1094 3861 pituita.
1128 3766 1420 3836 Auribus
1458 3764 1835 3835 infunditur
1872 3792 2026 3836 cum
2062 3790 2336 3836 rosaceo
2369 3792 2385 3836 ε
2435 3762 2562 3834 illi-

474 3916 658 3982 nitur
700 3879 875 3981 cum-
904 3934 1074 3979 cera.
1117 3912 1324 4007 Sanat
1351 3910 1682 4008 lichenaS‚
1730 3911 1955 3981 alvum
1987 3910 2215 3996 solvit,
2258 3936 2560 3981 exscrea-

476 4057 684 4127 tiones
741 4055 1031 4150 ‘pectoris
1086 4054 1360 4147 adjuvat
1428 4054 1771 4149 ecligmate
1802 4108 1821 4145 ,
1885 4071 2001 4125 aut
2058 4054 2244 4124 illita-
2273 4053 2563 4125 tonsillis
