2846 4869
434 413 542 452 102
888 394 950 450 C.
993 394 1228 452 PLINH
1269 394 1461 451 HIST.
1505 398 1673 454 NAT.
1715 396 1855 454 LIB.
1882 395 2097 454 XXIV.

428 620 736 697 Trixagine
756 663 774 692 ,
809 620 927 678 sive
964 621 1314 696 chamaedrye
1330 662 1348 691 ,
1383 621 1501 677 sive
1533 621 1888 695 chamaerope
1906 660 1926 690 ,
1957 620 2078 678 sive
2102 618 2346 689 teucrio,
2385 638 2514 675 xv1.

530 833 809 901 LXXX.
865 832 984 899 His
1037 831 1460 900 subtexemus
1509 854 1588 898 ea
1610 882 1629 918 ,
1674 855 1821 924 quae
1872 829 2089 899 Graeci
2129 830 2519 898 *communi-

328 966 336 974 ’
438 979 696 1049 catione
752 978 1102 1046 nominum
1160 978 1231 1044 in
1287 976 1603 1071 ambiguo
1661 974 1876 1045 fecere
1905 1027 1926 1057 ‚
1976 998 2150 1048 anne
2198 974 2521 1044 arborum

439 1138 678 1192 essent.

547 1292 656 1365 15.
710 1293 1135 1391 Chamaedrys
1176 1294 1381 1364 herba
1429 1310 1528 1363 est
1550 1346 1569 1376 ,
1601 1318 1757 1387 quae
1801 1292 2002 1366 latine
2041 1292 2300 1385 trixago
2350 1289 2520 1359 dici-

440 1455 573 1511 tur.
632 1438 861 1533 Aliqui
918 1464 1065 1509 eam
1124 1439 1609 1534 chamaeropem
1632 1489 1651 1526 ‚
1706 1436 1819 1510 alii
1870 1438 2173 1508 teucrion
2221 1435 2518 1530 appella·-

441 1606 615 1651 vere.
646 1580 830 1651 Folia
862 1581 1062 1651 habet
1088 1543 1552 1675 magnitudine
1581 1578 2099 1679 mentaescolore
2134 1594 2200 1647 et
2228 1578 2521 1648 divisura

444 1698 746 1820 quercus.
789 1724 920 1797 Alii
959 1739 1278 1795 serratam
1300 1777 1319 1812 ‚
1359 1740 1426 1793 et
1467 1725 1548 1818 ab
1595 1749 1675 1793 ea
1711 1749 1964 1794 serram
2001 1724 2340 1793 inventam
2380 1748 2527 1793 esse

446 1871 707 1957 dixere,
744 1863 926 1939 ssore'
945 1893 1133 1963 paene
1172 1892 1534 1962 purpureo.
1578 1870 1897 1962 Carpitur
1936 1892 2287 1963 praegnans
2325 1893 2525 1938 succo

447 2016 518 2083 in
557 2016 838 2109 petrosis
862 2065 881 2101 ,
922 2012 1239 2083 adversus
1276 2014 1683 2107 serpentium
1723 2036 1977 2081 venena
2018 2026 2181 2107 potu
2218 2011 2530 2106 illituque

451 2154 898 2227 efficacissima
934 2183 948 2224 :
987 2158 1146 2226 item
1186 2158 1530 2228 stomacho
1552 2210 1570 2245 ,
1615 2158 1775 2225 tussi
1821 2171 2130 2242 vetusne,
2157 2159 2414 2251 ‘pituita
2452 2159 2524 2226 in

334 2355 340 2360 -
451 2302 605 2399 gula
643 2304 1121 2372 cohaerescente
1140 2354 1160 2392 ,
1196 2303 1409 2398 ruptis
1433 2354 1452 2390 ‚
1494 2300 1827 2371 convulsis
1846 2354 1865 2390 ,
1900 2301 2123 2371 lateris
2160 2300 2526 2371 doloribuS.

447 2450 728 2519 'Lienem
771 2450 1144 2532 consumit,
1190 2449 1451 2523 urinam
1496 2462 1561 2516 et
1606 2471 1857 2516 menses
1906 2449 2051 2518 ciet.
2094 2449 2205 2517 Ob
2249 2447 2319 2515 id
2355 2448 2530 2515 inci-

454 2592 789 2686 pientibus
823 2592 1206 2687 hydropicis
1240 2576 1474 2662 efficax
1497 2643 1516 2677 ‚
1551 2590 1970 2661 manualibus
2007 2593 2225 2687 scopis
2264 2592 2405 2685 ejus
2456 2593 2530 2660 in

456 2735 672 2805 tribus
711 2736 995 2807 heminis
1030 2759 1220 2829 aquae
1269 2734 1561 2804 decoctae
1597 2699 1801 2830 uscue
1837 2734 1921 2803 ad
1961 2737 2205 2806 tertias.
2250 2737 2535 2806 Faciunt

384 2928 393 2933 -
458 2895 525 2949 et
562 2878 858 2974 pastillos
878 2930 898 2966 ,
938 2892 1222 2946 terentes
1255 2903 1402 2946 eam
1437 2903 1518 2947 ex
1556 2903 1729 2972 aqua
1748 2932 1767 2968 ,
1806 2876 1891 2948 ad
1932 2904 2131 2973 supra
2174 2879 2367 2950 dicta.
2407 2884 2534 2951 Sa-

457 3038 572 3094 nat
604 3039 670 3092 et
693 3005 983 3092 'vomicas
998 3072 1020 3111 ,
1053 3036 1122 3090 et
1151 3036 1377 3091 vetera
1408 3020 1628 3092 ulcera
1646 3073 1667 3110 ‚
1701 3021 1803 3091 vel
1836 3021 2106 3092 sordida
2130 3046 2285 3094 cum
2312 3023 2532 3095 melle.

458 3170 565 3236 Fit
601 3181 667 3235 et
697 3169 926 3236 vinum
956 3193 1037 3236 ex
1071 3191 1149 3236 ea
1189 3166 1473 3261 pectoris
1508 3167 1704 3237 vitiis.
1743 3166 2079 3236 Foliorum
2116 3194 2351 3239 succus
2379 3197 2536 3241 cum

462 3311 611 3380 oleo
649 3310 996 3408 caliginem
1029 3311 1377 3383 oculorum
1411 3313 1699 3382 discutit.
1748 3314 1851 3383 Ad
1891 3313 2185 3407 splenem
2227 3341 2305 3385 ex
2346 3331 2538 3387 aceto

409 3505 413 3510 ·
466 3456 766 3560 sumitur.
802 3455 1167 3529 Excalfacit
1200 3460 1654 3552 perunctione.
