2846 4869
494 410 608 469 308
927 408 990 465 C.
1033 409 1267 465 PLINII
1306 408 1502 465 HIST.
1543 407 1713 465 NAT.
1754 408 1897 463 LIB.
1924 406 2105 463 XXV.

494 534 744 607 inculta
794 536 1127 605 itinerum.
1183 535 1412 604 Floret
1465 558 1723 629 semper
1776 531 1937 602 folio
1989 530 2298 600 nasturtii
2322 581 2343 616 ‚
2393 527 2576 599 caule

494 679 805 765 cubitali,
837 680 1088 747 semine
1132 691 1271 748 tam
1302 703 1542 772 parvo,
1576 692 1653 747 ut
1690 678 1800 745 vix
1842 673 2047 770 aspici
2087 675 2311 770 possit.
2348 672 2577 742 Radici

496 822 665 892 odor
700 824 1031 892 nasturtii.
1059 826 1240 892 Usus
1269 803 1494 891 aestate
1529 821 1886 905 efficacior,
1913 834 1981 888 et
2012 820 2267 888 recenti
2294 832 2576 886 tantum.

493 964 832 1035 Tunditur
873 963 1247 1034 difficulter.
1297 964 1786 1035 Coxendicibus
1826 979 1895 1032 et
1933 961 2231 1032 articulis
2272 959 2581 1030 omnibus

452 1161 463 1175 .
494 1077 648 1208 cum
682 1112 969 1205 axungia
1004 1109 1271 1179 modica
1298 1107 1683 1195 utilissima,
1720 1110 1884 1177 viris
1916 1106 2280 1201 plurimum
2318 1121 2584 1200 quater-

495 1259 600 1325 nis
642 1256 864 1342 horis,
904 1254 1168 1323 feminis
1205 1256 1427 1322 minus
1469 1252 1746 1324 dimidio
1786 1249 2181 1346 adalligata,
2223 1265 2300 1319 ut
2345 1249 2582 1319 deinde

496 1403 566 1470 in
594 1398 888 1480 ‚balineis
939 1398 1378 1468 descendatur
1426 1399 1497 1466 in
1542 1397 1826 1467 calidam
1853 1449 1870 1484 ,
1917 1412 1982 1467 et
2032 1411 2265 1489 postea
2308 1395 2457 1465 oleo
2508 1421 2581 1465 ac

495 1547 654 1614 vino
695 1568 936 1638 corpus
975 1558 1389 1639 perungatur
1423 1568 1440 1611 ε
1482 1543 1847 1635 diebusque
1889 1541 2137 1609 vicenis
2170 1537 2577 1635 interpositis

499 1688 675 1757 idem
714 1688 830 1756 fiat
852 1739 870 1773 ,
906 1688 960 1755 si
991 1711 1126 1780 qua
1161 1685 1530 1754 admonitio
1564 1654 1816 1754 doloris
1854 1684 2163 1777 supersit.
2196 1688 2344 1753 Hoc
2385 1684 2579 1753 modo

498 1835 1009 1904 rheumatismos
1041 1855 1272 1900 omnes
1313 1828 1858 1922 sanatuoccultos.
1899 1828 2282 1922 Imponitur
2327 1852 2464 1896 non
2509 1828 2573 1895 in

497 1981 637 2074 ipsa
674 1976 1236 2063 inflammatione,
1278 1974 1392 2044 sed
1428 1973 1821 2043 imminuta.'

778 2463 985 2520 Herhae
1021 2463 1097 2519 ab
1132 2461 1472 2518 animalibus
1509 2472 1763 2536 repertae.
1796 2460 2137 2518 Chelidonia
2153 2502 2171 2532 ,
2209 2479 2306 2516 π-

508 2693 518 2708 ·
591 2673 671 2740 L.
715 2669 1048 2742 Animalia
1094 2694 1365 2764 quoque
1411 2670 1724 2739 invenere
1767 2669 2007 2739 herbas
2029 2722 2048 2758 ‚
2095 2670 2168 2737 in
2210 2670 2570 2766 primisque

496 2803 962 2875 chelidoniam.
1014 2810 1159 2874 Hac
1205 2806 1382 2874 enim
1430 2805 1825 2874 hirundines
1866 2803 2077 2875 oculis
2120 2803 2462 2902 pullorum
2509 2805 2569 2872 in

497 2941 659 3011 nido
693 2944 1058 3012 restituunt
1099 2943 1356 3035 visum,
1397 2956 1474 3011 ut
1511 2940 2094 3035 quidamvolunt,
2132 2942 2333 3012 etiam
2376 2941 2570 3011 erutis

497 3075 726 3147 oculiS.
778 3081 1044 3149 Genera
1093 3068 1234 3172 ejus
1283 3077 1419 3146 duo
1457 3104 1473 3146 ε
1523 3079 1737 3171 major
1778 3054 2097 3147 fruticosa
2147 3077 2378 3166 caule',
2421 3054 2569 3148 folio

495 3215 854 3305 pastinacae
896 3215 1194 3284 erraticae
1239 3213 1603 3307 ampliore,
1647 3215 1792 3308 ipsa
1826 3212 2177 3282 altitudine
2214 3212 2429 3282 duum
2470 3238 2569 3282 cu-

495 3349 816 3419 bitorum.
853 3349 1060 3420 Colos
1096 3350 1427 3451 albicans,
1463 3350 1586 3419 flos
1624 3348 1861 3419 luteuS.
1888 3352 2142 3420 Minori
2174 3350 2334 3420 folia
2375 3351 2570 3419 ederae

495 3482 928 3572 rotundiora,
970 3488 1191 3556 minus
1243 3485 1544 3555 candida.
1576 3482 1841 3556 'Succus
1882 3489 2063 3557 croci
2109 3487 2427 3573 mordax,
2474 3510 2567 3554 se-

494 3646 648 3701 men
696 3624 1061 3717 papaveris.
1467 3602 1478 3611 i

591 3756 863 3828 Florent
883 3758 1171 3828 adventu
1192 3761 1654 3848 hirundinum,
1674 3762 1964 3831 discessu
1986 3752 2416 3859 marcescunt.
2431 3766 2479 3831 F
2479 3759 2567 3830 lo-

496 3897 796 3966 rentibus
833 3920 1065 3974 succus
1102 3894 1525 3991 exprimitur,
1556 3913 1627 3969 et
1673 3901 1739 3966 in
1792 3916 1962 3967 aereo
2001 3924 2155 3968 vase
2198 3925 2351 3969 cum
2384 3895 2570 3967 melle

492 4033 694 4101 attico
744 4031 979 4115 leniter
1033 4033 1254 4102 cinere
1301 4033 1584 4103 ferventi
1626 4034 2056 4128 decoquitur,
2106 4034 2418 4131 singulari
2465 4057 2569 4102 re-
