2846 4869
491 414 607 468 270
684 360 690 372 ’
927 398 991 454 c.
1031 396 1261 453 PL1N11
1302 398 1498 453 Hls‘r.
1544 398 1718 453 NAT.
1761 399 1906 454 mn.
1933 397 2118 455 xxv,

490 547 615 617 per
637 522 967 612 triduum,
995 538 1238 618 quarto
1271 524 1379 592 die
1412 550 1454 593 a
1490 522 1735 592 balneo
1771 526 1952 594 coire
1981 548 2112 594 cast
2140 524 2582 619 Hippocrates

495 668 682 738 miris
740 666 1053 738 laudibus
1105 669 1176 736 in
1232 667 1592 737 mulierum
1652 694 1779 738 usu
1825 669 2213 765 praedicavit
2255 669 2384 739 has
2435 696 2452 737 t
2504 670 2587 739 ad

493 815 676 884 hunc
725 814 1001 888 modum
1055 812 1468 884 medicorum
1524 838 1722 881 nemo
1774 814 1982 882 novit.
2038 811 2162 884 Ille
2209 839 2324 883 eas
2378 814 2586 883 vulvae

495 983 651 1030 cum
682 954 886 1030 melle
907 1009 929 1046 ,
963 955 1069 1026 vel
1097 982 1412 1047 rosaceo,
1460 955 1562 1026 vel
1602 957 1816 1046 irinc,
1854 956 1958 1025 vel
1994 955 2200 1030 lirino
2235 957 2584 1030 admovit:

497 1104 656 1171 item
689 1098 775 1170 ad
810 1101 1080 1170 ciendos
1107 1125 1364 1170 menses
1394 1099 1868 1194 secundasque.
1897 1103 2043 1193 Hoc
2070 1098 2250 1172 idem
2275 1117 2592 1196 praestare

496 1260 665 1342 potu
713 1244 992 1339 fotuque
1046 1245 1231 1316 dixit.
1290 1243 1649 1316 Instillavit
1694 1245 1969 1318 auribus
2019 1244 2218 1318 olidis
2270 1271 2585 1336 succum,

500 1391 899 1483 inunxitque
936 1414 1089 1457 cum
1137 1390 1296 1458 vino
1336 1404 1580 1459 vetere.
1622 1388 1791 1459 Alvo
1840 1387 1999 1459 folia
2050 1391 2416 1485 imposuit,
2456 1392 2587 1484 epi-

498 1536 730 1630 phoris
748 1586 766 1620 ‚
801 1535 1229 1630 stranguriae,
1255 1549 1327 1604 et·
1356 1536 1612 1606 vesicae.
1640 1538 2011 1605 Deeoctum
2041 1533 2189 1627 ejus
2221 1534 2414 1604 dedit
2439 1560 2585 1605 cum

401 1776 407 1781 ·
499 1682 775 1782 myrrha
826 1698 893 1751 et
945 1685 1163 1752 thure.
1216 1682 1387 1753 Alvo
1431 1682 1704 1776 quidem
1741 1682 2112 1774 solvendas,
2160 1684 2270 1755 vel
2318 1687 2390 1756 in
2429 1686 2586 1755 febri

498 1825 896 1921 decoquitur
935 1841 1261 1921 quantum
1305 1852 1541 1910 manus
1586 1795 1806 1924 capiat
1851 1831 1926 1900 =in
1972 1829 2234 1902 duobus
2292 1828 2586 1900 sextariis

499 2000 689 2070 aquae
717 1943 803 2044 nd
834 1974 1137 2044 dimidias
1159 2000 1177 2042 :
1202 1974 1452 2046 bibitur
1478 1972 1611 2043 sale
1639 1989 1709 2046 et
1734 1972 1930 2046 melle
1958 1974 2299 2048 admixto:
2330 2002 2582 2047 necnon

499 2145 654 2196 cum
685 2118 934 2213 ungula
975 2122 1110 2188 suis
1132 2170 1153 2206 ‚
1192 2133 1307 2189 aut
1342 2118 1707 2214 gallinaceo
1741 2120 2090 2191 decoctum
2122 2118 2477 2191 salubrius.

602 3040 1028 3139 Plu-gationis
1067 3068 1265 3113 causa
1293 3060 1613 3140 putavere
1646 3039 1853 3137 aliqui
1890 3054 2243 3137 utramque
2263 3035 2580 3123 dandam,

508 3189 646 3258 sive
694 3217 848 3260 cum
897 3191 1116 3261 malva
1168 3192 1535 3262 decoctum.
1588 3192 1959 3263 Thoracem
2015 3201 2350 3285 purgant,
2395 3182 2581 3254 bilem

509 3333 876 3405 detrahunt
894 3388 917 3427 ,
950 3337 1068 3407 sed
1101 3337 1522 3421 stomachum
1563 3334 1832 3407 laedunt.
1873 3333 2195 3428 Reliquos
2231 3356 2396 3411 usus
2426 3327 2583 3398 dice-

509 3502 659 3548 mus
698 3481 837 3549 suis
876 3478 1056 3551 locis.

511 3789 771 3845 Achillea
804 3787 1051 3845 sideritis
1067 3829 1084 3858 ‚
1123 3788 1244 3845 sive
1271 3788 1653 3858 millefolium,
1688 3787 1807 3851 sive
1846 3803 2059 3860 panace
2099 3784 2424 3865 herncleum
2437 3823 2455 3852 ,
2481 3777 2585 3836 sive

714 3870 731 3891 χ
1016 3900 1019 3902 ’
1291 3904 1465 3959 scopa
1499 3884 1655 3959 regia
1679 3884 1816 3953 ,‘v1.
1962 3880 1968 3886 ’

612 4063 799 4129 XIX.
846 4060 1119 4129 Invenit
1173 4076 1241 4130 et
1280 4059 1595 4131 *Achilles
1649 4054 2013 4153 discipulus
2070 4054 2419 4144 Chironis,
2471 4068 2583 4143 qua
