2846 4869
475 392 588 453 140
928 385 990 441 C.
1033 384 1263 442 PLINII
1305 384 1499 441 HIST'.
1529 381 1718 440 NAT.
1752 382 1892 438 LIB.
1924 378 2144 437 XXIV.

1281 629 1532 683 Gramen
1550 668 1567 696 ‚
1604 644 1753 682 xvn.

576 850 882 919 CXVIII.
939 847 1234 920 Gramen
1274 847 1493 940 ipsum
1537 859 1638 913 est
1687 842 1861 912 inter
1898 839 2136 911 herbas
2180 836 2562 932 vulgatissi-

486 1014 690 1060 mum.
715 987 1126 1061 Geniculatis
1155 989 1360 1082 serpit
1389 984 1818 1082 internodiis,x
1832 985 2198 1077 crebroque
2226 981 2310 1051 ab
2335 980 2469 1068 his,
2501 992 2569 1049 et

485 1131 937 1228 excacumine
974 1153 1178 1199 novas
1211 1126 1471 1197 radices
1499 1127 1770 1223 spargit.
1797 1122 1984 1195 Folia
2015 1124 2162 1219 ejus
2200 1124 2270 1191 in
2301 1120 2569 1215 reliquo

484 1276 649 1345 orbe
689 1276 760 1345 in
799 1273 1156 1345 exilitatem
1196 1273 1614 1367 fastigantur.
1648 1274 1727 1340 In
1763 1273 2091 1340 Parnasso
2125 1282 2385 1337 tantum
2417 1265 2573 1335 ede-

487 1435 680 1488 racea
737 1418 953 1512 specie
976 1469 995 1506 ,
1056 1416 1323 1487 densius
1385 1440 1587 1511 quam
1646 1439 1925 1508 usquam
1980 1412 2302 1482 fruticant
2332 1464 2351 1497 ‚
2406 1411 2574 1484 flore

491 1560 771 1630 odorato
821 1559 1253 1655 candidoque.
1302 1564 1340 1630 J
1346 1561 1631 1632 umentis
1681 1559 1887 1628 herba
1931 1582 2068 1629 non
2109 1556 2239 1626 alia
2289 1556 2575 1652 gratior,

492 1704 630 1772 sive
668 1703 931 1798 viridis,
968 1705 1215 1773 sivein
1258 1703 1413 1774 feno
1452 1704 1729 1794 siccata,
1773 1728 1984 1796 quum
2022 1701 2221 1771 detur
2260 1700 2576 1796 adspersa

467 1873 689 1941 aqua.
734 1852 1019 1918 Succum
1058 1853 1326 1943 quoque
1374 1848 1519 1943 ejus
1556 1849 1625 1917 in
1660 1851 1988 1918 Parnasso
2032 1846 2248 1940 excipi
2297 1843 2577 1915 tradunt
2692 1892 2697 1900 -

490 2008 765 2087 propter
800 1956 1196 2062 ubertatem.
1232 1969 1468 2063 Dulcis
1506 1993 1617 2063 hic
1651 2010 1769 2064 est.
1813 1996 1895 2062 In
1934 1993 2143 2062 vicem
2176 1992 2318 2088 ejus
2360 1991 2433 2060 in
2477 2016 2576 2058 re-

494 2136 675 2232 liqua
708 2153 897 2233 parte
931 2154 1260 2209 terrarum
1288 2141 1588 2226 succedit
1617 2142 1965 2211 decoctum
1999 2141 2086 2209 ad
2111 2138 2387 2210 vulnera
2415 2165 2578 2210 eon-

493 2282 921 2379 glutinanda,
955 2284 1238 2379 quodet
1270 2288 1410 2380 ipsa
1447 2287 1654 2356 herba
1685 2302 1838 2360 tusa
1877 2300 2144 2383 praestat
2165 2338 2184 2374 ,
2220 2280 2579 2379 tueturque

492 2428 578 2498 ab
629 2427 1267 2529 inflammationibus
1326 2427 1571 2526 plagas.
1631 2434 1930 2502 Decocto
1981 2430 2294 2526 adjicitur
2345 2431 2580 2500 vinum

495 2600 573 2649 ac
613 2573 744 2644 mel
779 2600 795 2671 ς
838 2575 922 2669 ab
957 2573 1289 2671 aliquibus
1324 2591 1390 2646 et
1421 2577 1681 2666 thuris,
1729 2591 1795 2646 et
1833 2578 2121 2672 piperiS,
2160 2560 2580 2672 myrrhaeque

499 2726 717 2794 tertiae.
754 2726 1115 2819 portiones
1156 2730 1547 2820 Rursusque
1598 2727 1908 2822 coquitur
1963 2728 2033 2796 in
2075 2751 2248 2799 oereo
2288 2751 2445 2799 vase
2498 2725 2578 2795 ad

499 2867 801 2941 dentium
851 2866 1113 2938 dolores
1164 2885 1233 2938 et
1286 2870 1655 2964 epiphoras
1712 2870 1929 2965 Radix
1974 2870 2245 2975 decocta
2296 2871 2371 2939 in
2425 2872 2582 2938 vino

501 3012 902 3082 torminibus
954 3012 1300 3102 medetur,
1352 3030 1418 3084 et
1451 3002 1686 3084 'urinae
1741 3004 2245 3086 difficultatibus
2273 3066 2293 3101 ‚
2343 3014 2583 3085 ulceri·

504 3160 765 3253 busque
821 3160 1070 3229 vesicae.
1114 3159 1439 3231 Calculos
1497 3152 1765 3257 frangit.
1829 3166 2066 3232 Semen
2122 3163 2584 3232 vehementius

505 3305 768 3375 urinam
806 3304 1121 3399 impellit.
1168 3305 1407 3376 Alvum
1451 3278 1982 3405 ‘vomitionesque
2036 3308 2229 3378 sistit.
2252 3284 2584 3393 'Privatim

505 3462 728 3525 autem
757 3448 1119 3520 draconum
1157 3416 1501 3523 morsibus·
1520 3450 1912 3561 aunjliatur.
1928 3446 2101 3545 Sunt
2132 3452 2247 3545 qui
2283 3446 2587 3546 genicula

510 3620 751 3675 novem
773 3648 792 3683 ‚
839 3595 942 3665 vel
998 3598 1195 3667 unius
1221 3650 1240 3681 ‚
1293 3596 1403 3671 vel,
1446 3622 1484 3666 e
1537 3596 1796 3667 'duabus
1851 3564 2146 3667 tribusire
2191 3596 2459 3682 herbis,
2509 3592 2589 3663 ad

506 3708 690 3812 hunc
735 3743 1175 3813 articulorum
1212 3769 1565 3813 numerum
1607 3742 1858 3813 involvi
1904 3741 2056 3813 lana
2100 3742 2367 3814 succida
2404 3744 2587 3837 nigra

506 3887 822 3985 jubeant,
858 3887 944 3955 ad
985 3876 1272 3956 remedia
1316 3902 1621 3967 strumae,
1663 3914 2094 3991 panorumve.
2134 3876 2444 3981 Jejunu'm
2482 3885 2588 3953 de·

517 4031 671 4117 bere
712 4056 848 4101 esse
902 4032 1015 4126 qui
1060 4029 1383 4125 colligat:
1431 4033 1519 4100 ita
1573 4034 1687 4101 ire·
1712 4035 1779 4102 in
1838 4033 2109 4103 domum
2151 4033 2439 4105 absentis
2490 4027 2588 4099 cui
