2846 4869
533 428 605 492 74
952 422 1017 478 c,
1057 421 1286 478 rmm
1326 421 1523 480 ms'r.
1566 420 1740 479 NAT.
1784 420 1926 478 Lm.
1970 419 2187 478 xxnr.

532 543 836 639 pluribus
893 542 1109 615 modis
1164 547 1408 617 veniat.
1476 550 1650 619 Nam
1705 562 1772 616 et
1826 545 2037 615 herba
2093 559 2194 614 est
2252 543 2573 614 silvestris
2603 596 2622 633 ‚

533 687 710 759 foliis
770 690 1007 783 myrti,
1076 687 1421 758 cauliculis
1476 688 1790 759 brevibus
1813 741 1833 777 ,
1894 711 2043 783 quae
2105 690 2313 757 tineas
2380 686 2622 783 pellit3

535 846 604 900 et
666 831 886 900 frutex
946 831 1270 900 coriarius
1321 829 1693 926 appellatur
1715 883 1734 919 ‚
1796 829 2159 901 subrutilus
2179 883 2198 917 ,
2258 829 2572 900 cubitalis
2603 883 2622 917 ,

535 974 971 1044 crassitudine
1021 935 1275 1070 digitali
1336 1000 1353 1042 ε
1416 975 1608 1069 cujus
1667 953 1868 1044 aridis
1923 972 2102 1043 foliis
2119 1026 2144 1061 ‚
2202 988 2275 1074 ut
2336 971 2619 1043 malico-

534 1119 676 1206 rio,
716 1118 896 1187 coria
942 1116 1397 1212 perficiuntur.
1453 1116 1702 1186 Medici
1753 1132 1975 1187 autem
2030 1117 2276 1187 rhoicis
2328 1131 2625 1186 utuntur

540 1238 624 1331 ad
670 1276 947 1331 contusa
989 1287 1005 1330 :
1055 1263 1214 1331 item
1257 1259 1557 1337 coeliacos
1579 1313 1599 1346 ‚
1647 1274 1714 1345 et
1763 1259 1931 1365 sedis
1986 1259 2209 1330 ulcera
2232 1288 2271 1350 ‚·
2300 1275 2417 1330 aut
2470 1286 2625 1355 quae

538 1404 972 1500 phagedaenas
1000 1418 1270 1501 vocant,
1300 1405 1457 1478 trita
1490 1429 1646 1481 cum
1674 1401 1903 1492 melle,
1928 1418 1998 1473 et
2029 1402 2193 1473 illita
2223 1430 2378 1474 cum
2409 1420 2620 1475 aceto.

534 1553 905 1620 Decoctum
953 1574 1186 1619 eorum
1237 1547 1601 1619 instillatur
1647 1550 1927 1619 auribus
1969 1546 2363 1643 purulentis,
2408 1551 2518 1620 Fit
2556 1566 2625 1621 et

537 1695 882 1767 stomatice,
917 1693 1204 1764 decoctis
1244 1694 1476 1787 ramiS‚
1510 1692 1595 1761 ad
1629 1693 1886 1781 eadem,
1923 1718 2070 1786 quae
2108 1717 2188 1761 ex
2220 1693 2421 1761 moris
2454 1719 2471 1760 z
2508 1693 2623 1762 sed

539 1837 871 1907 efficacior
911 1837 1212 1929 admixto¹
1246 1807 1554 1943 alumine.
1600 1835 1894 1929 Illinitur
1945 1836 2177 1932 eadem
2216 1836 2620 1932 hydropico-

540 2007 688 2051 rum
729 1983 1005 2074 tumori..

1305 2417 1437 2474 Rhu
1472 2418 1700 2494 erythro
1715 2460 1733 2491 ‚
1776 2438 1859 2474 ix.

641 2591 785 2658 LV.
821 2591 1012 2661 Rhus
1033 2643 1053 2681 ‚
1095 2594 1210 2687 qui
1251 2594 1557 2688 erythros
1594 2591 1997 2690 appellatur,
2032 2616 2255 2663 semen
2295 2606 2397 2661 est
2425 2591 2630 2685 hujus

380 2757 391 2767 ·
452 2825 459 2834 ¹
543 2733 821 2804 fruticis.
840 2737 1000 2806 Vim
1024 2736 1223 2806 habet
1249 2736 1708 2832 adstringendi
1729 2737 2315 2833 refrigerandique.
2340 2734 2631 2829 Adsper-

542 2869 722 2973 gitur
762 2904 893 2973 pro·
929 2877 1064 2951 sale
1106 2881 1419 2956 obsoniis.
1467 2881 1672 2952 Alvos
1712 2881 1912 2966 solvit
1932 2934 1958 2971 „
1993 2905 2354 2984 omnesque
2396 2904 2630 2949 carnes

539 3044 693 3106 cum
733 3021 977 3118 silphio
1014 3026 1350 3102 suaviores
1388 3026 1568 3096 facit.
1612 3025 1968 3096 Ulceribus
2010 3025 2311 3098 medetur
2352 3047 2633 3099 manan-

540 3166 717 3248 tibus
754 3189 907 3249 cum
950 3167 1206 3237 melle:
1253 3171 1592 3264 asperitati
1632 3169 1914 3265 linguae,
1952 3170 2280 3264 percussis
2300 3220 2320 3255 ,
2368 3166 2593 3236 lividis
2613 3219 2632 3253 ,

538 3310 981 3405 desquamatis
1022 3313 1253 3383 eodem
1293 3314 1517 3396 modo.
1565 3316 1819 3420 Capitis
1864 3314 2088 3384 ulcera
2123 3308 2207 3382 ad
2251 3314 2631 3388 cicatricem

542 3450 886 3546 celerrime
935 3458 1305 3552 perducit:
1357 3473 1422 3527 et
1477 3457 1882 3540 feminarum
1917 3458 2413 3550 abundantiam
2460 3457 2637 3545 sistit

543 3597 713 3676 cibo.

1306 3905 1707 3980 Erythrodano
1727 3948 1744 3977 ‚
1784 3926 1871 3964 xx.

534 4155 559 4199 ,ἱ
634 4079 808 4160 LVI.
849 4076 993 4154 Alia
1020 4102 1138 4150 res
1180 4080 1698 4174 erythrodanus‚
1732 4108 1942 4178 quam
1977 4083 2195 4178 aliqui
2235 4078 2645 4153 ereuthoda-
