2846 4869
501 411 614 478 343
948 409 1012 465 C.
1054 407 1291 463 PLINII
1333 405 1527 463 HlsT.
1572 402 1745 458 NAT.
1789 402 1930 458 ΠΒ.
1963 400 2148 456 XXV.

536 609 818 687 Psyllion,
852 609 971 666 sive
1005 609 1274 685 cynoides
1295 648 1312 677 ,
1353 606 1475 662 sive
1514 603 1858 679 chrysallion
1878 646 1894 668 ‚
1932 604 2053 660 sive
2095 603 2367 660 Sicelicon
2384 643 2402 673 ,
2443 603 2562 658 sive

1300 699 1660 776 cynomyia,
1701 719 1744 753 1.

597 882 741 948 XC.
782 878 1075 975 Psyllion
1114 876 1227 946 alii
1258 875 1614 970 cynoides,
1650 872 1761 944 alii
1805 872 2227 975 crystallion‚
2269 874 2384 943 alii
2443 878 2603 946 sice-

499 1025 711 1113 licon,
742 1022 854 1093 alii
891 1022 1309 1117 cynomyiam
1343 997 1717 1122 appellant,
1759 998 1983 1089 radice
2019 1021 2242 1107 tenui,
2282 1045 2602 1116 superva-

497 1195 663 1253 cua,
712 1182 1241 1252 sarmentosum,
1287 1166 1456 1235 fahae
1506 1166 1838 1260 granis-in
1878 1166 2379 1256 cacuminibuS‚
2424 1167 2604 1236 foliis

496 1316 740 1383 canino
790 1313 993 1407 capiti
1045 1337 1184 1380 non
1227 1310 1704 1400 dissimilibuS‚
1758 1313 2011 1381 semine
2062 1327 2283 1381 autem
2340 1311 2600 1407 pulici,

465 1453 469 1457 ’
501 1458 685 1527 unde
725 1473 790 1527 et
823 1482 1067 1527 nomeu
1103 1482 1118 1525 ε
1156 1458 1288 1526 hoc
1326 1458 1394 1524 iu
1431 1456 1687 1541 bacciS,
1730 1427 1870 1552 ipsa
1906 1457 2113 1526 herba
2152 1458 2220 1526 in
2249 1459 2466 1527 vineis
2499 1458 2604 1527 in-

501 1603 787 1672 venitur.
812 1605 936 1671 Vis
964 1604 1022 1671 ei
1053 1601 1135 1669 ad
1162 1602 1694 1696 refrigerandum
1719 1617 1787 1672 et
1813 1602 2308 1673 discutiendum
2337 1605 2603 1699 ingens.

509 1751 745 1818 Semen
789 1749 859 1815 in
901 1772 1048 1816 usu.
1085 1747 1317 1816 Fronti
1360 1747 1731 1841 imponitur
1779 1748 1847 1816 in
1903 1747 2134 1817 dolore
2182 1764 2249 1818 et
2278 1751 2605 1843 tempori-

504 1894 633 1961 bus
665 1944 683 1979 ,
731 1917 811 1960 ex
852 1908 1040 1960 aceto
1074 1906 1139 1959 et
1178 1915 1449 1960 rosaceo
1489 1906 1606 1958 aut
1640 1914 1858 1983 posca.
1905 1890 2012 1959 Ad
2049 1907 2267 1960 cetera
2310 1891 2604 1962 illinitur

498 2035 831 2107 acetabuli
874 2059 1188 2104 mensura
1223 2036 1506 2104 sextario
1544 2058 1778 2132 aquae:
1832 2032 2065 2103 densat
2102 2061 2170 2103 se
2208 2060 2285 2103 ac
2331 2051 2605 2107 contra-

501 2183 653 2251 hit:
703 2197 866 2250 tunc
905 2197 1143 2268 terere,
1191 2194 1258 2248 et
1291 2180 1798 2249 crassitudinem
1847 2178 2091 2248 illinire
2142 2197 2410 2274 oportet
2460 2185 2606 2253 cui-

496 2354 786 2422 cumque
821 2326 1070 2412 dolori,
1099 2342 1162 2395 et
1194 2323 1607 2412 collectioni,
1637 2323 2302 2421 inflammationique.
2334 2331 2422 2397 Et
2457 2329 2605 2398 vul-

495 2475 771 2544 'ncribus
815 2474 1051 2567 capitis
1104 2471 1407 2541 medetur
1462 2470 1891 2541 aristolochia
1915 2523 1935 2557 ,
1985 2471 2193 2543 fracta
2241 2473 2604 2544 extrahens

496 2645 644 2688 ossa
665 2673 683 2704 ‚
718 2633 785 2687 et
818 2619 889 2686 in
917 2616 1046 2686 alia
1082 2615 1353 2710 quidem
1394 2630 1586 2710 parte
1619 2618 1955 2711 corporiS,
1993 2616 2110 2685 sed
2161 2619 2457 2687 maxime
2494 2644 2602 2689 ca-

501 2766 687 2858 pite:
734 2758 1037 2830 similiter
1096 2758 1541 2855 plistolochia.
1585 2759 2004 2855 Thysselium
2067 2774 2168 2828 est
2216 2787 2355 2830 non
2409 2761 2604 2831 dissi·

499 2906 653 2976 mile
702 2906 875 3000 apio.
923 2903 1143 2999 Hujus
1194 2903 1386 2974 radix
1452 2904 2007 2974 commanducata
2069 2918 2316 2999 purgat
2361 2909 2601 3003 capitis

495 3052 792 3144 pituitas,

1224 3294 1502 3349 Remedia
1539 3295 1850 3351 oculorum.

594 3474 772 3542 XCI.
829 3496 932 3540 12.
981 3468 1354 3541 Oculorum
1406 3472 1614 3540 aciem
1660 3474 2007 3542 centaurio
2060 3475 2313 3569 majore
2352 3490 2594 3570 putant

496 3617 839 3712 adjuvari,
883 3617 938 3682 si
971 3614 1198 3684 addita
1236 3640 1410 3709 aqua
1445 3615 1824 3687 foveantur.
1867 3620 2080 3689 Succo
2114 3646 2277 3691 vero
2311 3623 2595 3692 minoris

498 3788 651 3831 cum
693 3758 885 3829 melle
914 3811 934 3843 ‚
975 3756 1224 3826 culices
1253 3809 1269 3841 ‚
1312 3758 1721 3844 nubecula3‚
1778 3761 2252 3835 obscuritatem
2307 3767 2594 3853 discuti,

486 3904 839 3977 =cicatrices
874 3900 1221 3970 extenuari
1257 3924 1270 3967 :
1318 3899 1663 3996 albugines
1702 3903 1971 3997 'quidem
2012 3908 2214 3976 etiam
2242 3909 2588 4001 jumento·

499 4075 646 4117 rum
688 4048 962 4117 sideriti.
994 4050 1139 4114 Jam
1177 4043 1552 4114 chelidonia
1603 4073 1807 4143 supra
1845 4049 2036 4119 dictis
2074 4056 2387 4127 omnibus
2422 4057 2591 4127 mire
