2846 4869
304 327 321 339 ³
419 377 536 436 310
853 376 919 434 C.
961 366 1194 434 PLINII
1233 374 1431 433 HIST.
1474 375 1651 432 NAT.
1692 373 1834 432 LIB.
1862 373 2049 430 XXV.

419 504 640 577 medio
690 517 921 575 contra
981 501 1297 601 caligines
1343 501 1717 576 oculorum.
1773 506 2084 574 Utuntur
2143 514 2213 569 et
2271 521 2391 594 per
2441 523 2509 568 se

423 672 623 720 succo
661 649 730 719 in
764 646 1094 747 collyriis,
1128 673 1280 745 quae
1313 643 1691 719 chelidonia
1721 639 2146 742 appellantur
2184 643 2269 714 ab
2306 667 2403 713 ea.

1282 1061 1524 1119 Canaria
1542 1099 1564 1133 ,
1600 1079 1643 1116 1.

429 1246 432 1250 ’
521 1240 634 1308 LI.
673 1237 1085 1307 Invenerunt
1117 1250 1187 1306 et
1221 1259 1418 1306 canes
1453 1238 1819 1326 canariam,
1853 1260 1990 1333 qua
2025 1229 2366 1305 fastidium
2401 1235 2513 1304 de-

426 1372 716 1467 ducunt,
759 1406 1040 1477 eamque
1077 1382 1149 1451 in
1183 1397 1419 1454 nostro
1458 1396 1820 1480 conspectu
1859 1381 2192 1452 mandunt
2210 1432 2232 1470 ,
2266 1379 2386 1450 sed
2425 1381 2518 1452 ita

427 1542 506 1597 ut
557 1551 928 1623 numquam
965 1525 1379 1624 intelligatur
1412 1551 1561 1624 quae
1599 1529 1685 1598 sit
1717 1553 1735 1598 z
1769 1527 2016 1598 etenim
2053 1495 2328 1622 depasta
2367 1537 2515 1598 cerz-

431 1672 634 1742 nitur.
671 1674 923 1743 Notata
963 1688 1065 1743 est
1099 1674 1242 1742 haeo
1277 1669 1583 1743 animalis
1617 1672 1820 1766 hujus
1852 1668 2231 1766 malignitas
2278 1670 2351 1739 in
2393 1659 2519 1741 alia

425 1817 634 1887 herba
682 1817 919 1911 major.
960 1820 1320 1887 Percussus
1367 1816 1549 1886 enim
1604 1840 1645 1885 a
1696 1829 2003 1909 serpente
2048 1811 2302 1884 mederi
2351 1838 2515 1909 qua·
2574 1899 2578 1903 ,

429 1953 584 2032 dam
639 1962 765 2033 sibi
815 1961 1064 2032 dicitur
1106 1987 1123 2030 ε
1166 1960 1293 2032 sed
1348 1958 1534 2031 illam
1583 1923 1858 2031 homine
1909 1959 2329 2055 inspectante
2381 1984 2515 2030 non

430 2105 750 2202 decerpit.

1136 2439 1604 2514 Elapheboseos:
1641 2438 1824 2497 seseli.

529 2608 676 2683 LII.
723 2609 1105 2710 Simplicius
1141 2638 1350 2687 cervae
1381 2628 1844 2685 monstravere
1874 2612 2366 2710 elaphoboscon
2389 2665 2410 2705 ‚
2442 2614 2517 2684 de

433 2751 567 2855 qua
606 2758 914 2829 diximus,
930 2837 937 2841 ,
954 2762 1124 2829 Item
1159 2758 1353 2831 seseli
1387 2761 1597 2830 enixae
1634 2784 1676 2829 a
1712 2773 1931 2854 partu.
1998 2782 2002 2786 ·
2030 2788 2040 2796 ’

431 3154 799 3212 Dictamnum
818 3195 837 3226 ,
867 3173 1008 3211 v111.
1045 3153 1637 3245 Pseudodictamnum.
1679 3129 1907 3228 Quibus
1947 3158 2092 3216 locis
2117 3158 2522 3233 potentissimae

418 3264 421 3270 ·
749 3250 977 3308 herbae:
1013 3259 1254 3326 propter
1276 3250 1487 3308 herbas
1518 3251 1582 3309 in
1607 3253 1849 3311 Arcadia
1877 3254 1967 3310 lac
1996 3255 2205 3328 potari.

530 3460 713 3529 LIII.
753 3460 1189 3531 Dictamnum
1229 3461 1576 3533 ostendere
1597 3514 1618 3548 ‚
1660 3478 1739 3533 ut
1771 3461 2213 3533 indicavimus
2231 3461 2526 3552 ,vulne-

436 3619 597 3674 ratae
621 3655 641 3693 ,
691 3607 1168 3699 pastu·statim
1217 3602 1684 3676 'decidentibus
1739 3603 1906 3676 telis.
1962 3607 2120 3677 Non
2172 3618 2275 3675 est
2325 3564 2524 3694 alibi,

434 3774 638 3846 quam
676 3749 748 3819 in
775 3751 1008 3836 Creta,
1039 3752 1238 3819 ramis
1271 3756 1649 3846 praetenue,
1688 3748 1959 3849 pulegio
1991 3747 2238 3840 simile3
2272 3748 2525 3822 fervens

436 3908 503 3963 et
537 3858 688 3965 acre
721 3892 962 3991 gustu:
998 3892 1176 3962 foliis
1206 3908 1471 3964 tantum
1514 3888 1816 3967 utuntur.
1848 3893 2000 3966 Flos'
2035 3894 2261 3966 nullus
2294 3898 2386 3983 ei,
2411 3869 2524 3964 aut

437 4063 661 4111 semen
682 4092 702 4130 ‚
746 4055 863 4110 aut
902 4035 1131 4112 caulis.
1173 4037 1393 4111 Radix
1439 4040 1659 4110 tenuis
1702 4065 1781 4110 ac
1831 4062 2261 4136 supervacua.
2314 4043 2402 4111 Et
2451 4039 2513 4107 in
