2846 4869
435 386 508 441 70
633 421 639 428 .
893 376 955 432 C.
996 376 1231 433 PLINII
1270 377 1467 433 HIST.
1509 376 1677 431 NAT.
1720 375 1861 431 LIB.
1883 375 2122 432 xxlv.

436 498 570 592 apii
624 501 875 579 semine
927 500 1234 571 decocta.·
1274 502 1425 570 Ciet
1477 516 1815 572 menstrua
1866 500 2157 570 admota.
2206 499 2516 571 Medetur

439 638 771 715 convulsis
802 643 1061 715 duobus
1091 644 1303 715 obolis
1336 660 1499 741 pota
1516 645 1834 737 jocineri,
1854 635 2165 733 ¹renibuS,
2201 643 2518 739 hydropi,

441 790 605 858 tussi
653 790 850 859 etiam
909 790 1138 859 suffitu
1163 843 1181 880 ‚
1232 792 1576 886 magisque
1630 769 1784 860 cum
1831 791 2069 861 resina.
2122 788 2521 859 Fur-furibus

444 931 877 1026 ulcerumque
909 934 1332 1004 manantibus
1364 958 1516 1003 cum
1552 935 1826 1028 myrrha
1858 933 2151 1005 decocta.
2176 932 2527 1028 Excipitur

434 1070 514 1148 'et
548 1103 784 1148 succus
821 1078 963 1172 ejus
983 1129 1004 1168 ‚
1039 1078 1247 1172 fitque
1287 1079 1564 1149 elaterio
1604 1079 1855 1149 similis,
1898 1078 2374 1149 Efficacissima
2408 1102 2526 1147 au-

450 1240 582 1297 tem
614 1226 684 1292 in
718 1223 909 1293 omni
951 1222 1279 1292 arundine
1322 1247 1470 1316 quae
1507 1225 1809 1318 proxima
1846 1222 2071 1292 radici.
2112 1223 2422 1292 Efficacia
2462 1237 2533 1291 et

453 1365 776 1464 genicula.
814 1366 1093 1437 Arundo
1142 1368 1412 1461 cypria,
1454 1393 1601 1461 quae
1650 1367 1870 1437 donax
1915 1382 2219 1456 vocatur,
2265 1367 2534 1437 corticis

453 1510 674 1580 cinere
727 1478 1056 1605 alopecias
1116 1510 1423 1580 emendat
1485 1537 1501 1578 ε
1565 1512 1724 1580 item
1780 1508 2226 1605 putrescentia
2286 1508 2531 1580 ulcera.

453 1655 656 1724 Foliis
693 1657 834 1749 ejus
872 1654 955 1723 ad
993 1654 1436 1725 extrahendos
1473 1654 1737 1725 aculeos
1774 1653 2059 1724 utuntur
2095 1680 2111 1723 :
2154 1654 2539 1724 efficacibus

456 1814 521 1869 et
555 1813 792 1869 contra
827 1800 1012 1895 ignes
1047 1823 1303 1885 sacrm,
1346 1794 1900 1891 collectionesque
1934 1822 2188 1873 omnes.
2224 1796 2539 1893 Vulgaris

391 1973 394 1975 ’
458 1945 717 2014 arundo
753 1944 1217 2013 extractoriam
1258 1944 1668 2031 vimhhaben
1705 1958 1773 2012 et
1813 1968 2041 2013 recens
2079 1959 2264 2031 tusa,
2296 1968 2431 2012 non
2467 1944 2541 2011 in

459 2087 684 2173 radice
727 2101 1011 2156 tantum.
1049 2085 1348 2162 ‚Multum
1386 2089 1566 2159 enim
1610 2102 1690 2163 et,
1725 2088 1940 2181 ipsam
1983 2081 2379 2158 arundinem
2427 2111 2546 2156 va-

461 2232 597 2301 lere
630 2230 924 2301 tradunt.
946 2231 1276 2301 .Medetur
1312 2247 1378 2301 et
1411 2230 1685 2313 luxatiS‚
1719 2246 1787 2301 et
1822 2235 2028 2327 spinae
2062 2228 2404 2300 doloribus
2436 2255 2547 2298 ra-

450 2374 576 2445 dix
625 2376 694 2444 in
746 2390 932 2445 aceto
984 2373 1170 2445 illita.
1222 2374 1474 2445 Eadem
1528 2400 1761 2446 recens
1811 2366 1966 2445 trita
2016 2376 2085 2444 in
2136 2376 2291 2444 vino
2341 2390 2549 2469 pota,

462 2525 794 2612 Venerem
853 2522 1163 2589 concitat.
1216 2520 1640 2593 Arundinum
1697 2520 1950 2617 lanugo
2009 2519 2173 2589 illita
2228 2520 2546 2609 auribus,

468 2664 779 2734 obtundit
813 2664 1151 2744 auditum,

1190 3405 1415 3477 Papyro
1431 3441 1449 3471 ,
1481 3403 1672 3472 charta
1686 3443 1702 3471 ‚
1744 3419 1840 3459 111.

579 3613 691 3678 LI.
748 3613 1049 3706 Cognata
1098 3614 1169 3680 in
1220 3615 1506 3708 AEgypto
1559 3635 1662 3681 res
1712 3627 1809 3680 est
1867 3609 2177 3680 arundini
2231 3630 2564 3702 papyruS‚

484 3756 828 3850 praecipuae
871 3755 1209 3842 utilitatis,
1246 3781 1457 3850 quum
1495 3755 1782 3844 inaruit,
1820 3755 1905 3824 ad
1950 3751 2269 3823 laxandas
2305 3750 2568 3817 siccan-

488 3899 735 4000 dasque
775 3901 1062 3990 fistulas,
1102 3918 1166 3970 et
1210 3901 1709 3972 intumescendo
1751 3902 1836 3971 ad
1877 3901 2236 4001 introitum
2272 3892 2564 3968 medica-

489 4060 864 4118 mentorum
901 4045 1305 4141 aperiendas.
1348 4047 1599 4117 Charta
1638 4071 1784 4140 quae
1829 4046 1904 4114 fit
1942 4070 2024 4115 ex
2061 4049 2150 4114 'ea
2175 4095 2194 4132 ‚
2231 4041 2527 4112 cremata
2551 4090 2571 4126 ,
