2846 4869
507 377 621 474 246
949 407 1011 462 c.
1053 406 1291 461 PLINII
1332 406 1526 462 1-11sT.
1574 408 1741 463 NAT.
1788 405 1930 462 Lm.
1953 406 2136 461 xxv.
2188 441 2191 444 η

512 531 687 622 ejus,
718 531 962 623 inquo
999 529 1325 625 plurimas
1357 531 1614 628 alebat,
1642 532 2085 631 centesimum
2113 532 2326 601 aetatis
2346 501 2597 601 ‘annum

508 675 831 744 excedens
857 728 877 765 ,
940 674 1200 772 nullum
1278 678 1578 772 corporis
1639 675 1890 745 malum
1961 690 2274 770 expertus
2299 730 2318 764 ‚
2378 702 2458 745 ac
2521 702 2601 745 ne

509 835 701 891 aetate
763 821 1034 915 quidem
1094 824 1417 892 memoria
1480 838 1598 891 aut
1657 823 1887 918 vigore
1942 822 2302 891 concussis.
2361 823 2595 916 Neque

512 963 694 1034 aliud
740 968 982 1035 mirata
1021 971 1233 1062 magis
1272 969 1636 1061 antiquitas
1679 967 2068 1062 reperietur.
2106 971 2389 1036 Inventa
2431 968 2602 1061 jam·
2647 1021 2653 1034 .

512 1108 775 1203 pridem
808 1113 981 1180 ratio
1020 1101 1121 1190 est
1160 1113 1624 1206 praenuntians
1665 1114 1901 1199 horaS‚
1935 1136 2073 1180 non
2113 1110 2317 1180 modo
2355 1111 2496 1180 dies
2532 1137 2604 1181 ac

511 1269 740 1324 noctes
761 1309 781 1341 ‚
828 1254 984 1325 solis
1031 1255 1339 1351 lunaeque
1381 1256 1781 1327 defectuum.
1823 1260 2044 1326 Durat
2093 1225 2316 1325 tamen
2364 1257 2606 1326 tradita

511 1400 856 1493 persuasio
891 1401 962 1472 in
1000 1426 1244 1497 magna
1286 1418 1480 1497 parte
1522 1401 1746 1497 vulgi,
1790 1383 2124 1472 veneficiis
2161 1416 2243 1471 et·
2267 1401 2493 1472 herbis
2539 1401 2602 1469 id

512 1544 661 1639 cogi
694 1596 713 1633 ,
774 1569 1056 1640 eamque
1113 1572 1278 1617 num
1346 1547 1751 1618 feminarum
1787 1517 2165 1617 'scientiam
2223 1545 2602 1641 praevalere.

511 1692 712 1758 Certe
752 1690 914 1783 quid
956 1715 1093 1760 non
1137 1691 1475 1787 replevere
1513 1691 1755 1761 fabulis
1797 1673 2068 1762 Colchis
2108 1691 2347 1762 Medea
2368 1745 2388 1782 ,
2438 1691 2608 1761 aliae·

516 1856 685 1925 que,
729 1831 1075 1928 ing-'primis'
1117 1834 1284 1904 Itala
1325 1838 1564 1925 Circe,
1609 1836 1735 1905 diis
1776 1837 1976 1905 etiam
2012 1808 2400 1931 adscripta?
2438 1836 2611 1906 unde

515 1967 805 2048 arbitror
839 1996 1111 2066 natum,
1147 1996 1223 2051 ut
1257 1959 1605 2086 AE'schylus
1635 2009 1672 2052 e
1708 1984 2168 2076 vetustissimis
2205 1985 2274 2050 in
2309 1985 2609 2077 poetica,

516 2123 828 2196 refertam
874 2123 1138 2198 Italiam
1173 2127 1535 2198 herbarum
1568 2128 1866 2222 potentia
1902 2112 2251 2223 proderet3
2287 2127 2610 2222 multique

519 2271 846 2359 Circeios,
869 2272 981 2339 ubi
1009 2271 1336 2341 habitavit
1369 2271 1515 2361 illa,
1543 2298 1789 2369 magno
1814 2276 2605 2369 argumento·etiamnum

519 2413 803 2484 durante
839 2417 908 2485 in
942 2419 1182 2487 Marsis
1212 2444 1249 2487 a
1281 2417 1422 2523 filio
1458 2421 1600 2514 ejus
1638 2436 1785 2490 orta
1820 2436 2055 2516 gente,
2090 2446 2258 2515 quos
2299 2446 2443 2490 esse
2464 2399 2598 2491 ido·

520 2561 790 2631 mitores
846 2563 1255 2658 serpentium
1312 2579 1592 2635 constat.

620 3322 950 3390 Homerus
983 3321 1251 3415 quidem
1293 3322 1547 3416 primus
1589 3321 2045 3389 doctrinarum
2084 3335 2151 3388 et
2189 3320 2603 3414 antiquitatis

523 3494 813 3565 parens,
861 3448 1112 3539 multus
1168 3470 1328 3540 alias
1387 3472 1457 3539 in
1522 3470 1958 3561 admiratione
2018 3472 2280 3557 CirceS‚
2332 3469 2609 3564 gloriam

523 3621 885 3693 herbarum
929 3624 1216 3717 AEgypto
1262 3622 1543 3691 tribuit:
1586 3646 1794 3714 quum
1834 3623 2033 3690 etiam
2058 3673 2076 3705 ,
2117 3645 2266 3713 quae
2313 3621 2610 3713 rigatur,

524 3775 847 3867 AEgyptus
898 3770 1008 3839 illa
1048 3797 1182 3840 non
1224 3786 1437 3856 esset,
1490 3784 1722 3864 postea
1768 3769 2063 3837 fluminis
2113 3768 2275 3836 limo
2325 3769 2605 3836 invecta.

522 3922 779 3991 Herbas
820 3934 1001 3989 certe
1046 3919 1359 4015 aegyptias
1412 3944 1451 3986 a
1489 3920 1663 4014 regis
1715 3943 1916 3987 uxore
1968 3892 2245 3986 traditas
2299 3942 2438 3986 suae
2480 3921 2604 3985 He-

525 4070 690 4143 lenae
737 4069 1060 4167 plurimas
1103 4082 1356 4156 narrat,
1397 4093 1476 4136 ac
1517 4067 1737 4138 nobile
1780 4066 1948 4139 illud
1993 4069 2405 4162 nepenthes,
2452 4065 2603 4136 obli-
