2846 4869
543 395 661 456 268
978 398 1314 460 c.2PL1N11
1353 398 1546 455 HIST.
1589 399 1760 457 NAT.
1804 401 1944 456 LIB.
1976 401 2157 455 XXV.

551 548 755 611 num,
797 521 1088 593 remedia
1122 521 1478 617 prodidere
1530 524 1633 593 his
1669 526 1787 618 qui
1825 525 1896 593 id
1930 526 2286 616 bibissent,
2319 543 2386 597 et
2417 531 2617 624 ipsum

547 694 675 764 pro
720 666 1027 738 remediis
1068 694 1083 736 ε
1147 668 1313 737 adeo
1383 666 1571 737 nullo
1640 670 1865 738 omnia
1910 670 2286 765 experiendi
2343 672 2511 758 fine,
2554 691 2620 744 ut

548 826 946 909 cogerentur
979 812 1178 882 etiam
1221 837 1470 881 venena
1511 800 1844 906 prodesse.

520 1308 902 1384 ¹LinozostiS,
948 1311 1069 1368 sive
1110 1311 1488 1386 Parthenion,
1526 1313 1647 1369 sive
1679 1312 1994 1387 hermupoa
2013 1354 2030 1383 ,
2078 1329 2201 1387 quae
2245 1311 2614 1369 mercurialis:

1172 1427 1381 1488 genera
1409 1429 1457 1465 11
1476 1450 1492 1479 ‚
1530 1409 1826 1465 medicinae
1857 1428 2011 1465 1111.

533 1669 547 1681 .
644 1585 897 1653 XVIII.
936 1580 998 1652 5.
1039 1585 1409 1654 Linozostis
1432 1637 1450 1673 ,
1496 1587 1631 1653 sive
1670 1587 2072 1680 parthenion
2099 1639 2119 1669 ,
2165 1584 2482 1655 Mercurii
2522 1584 2612 1649 in·

551 1745 827 1797 ventum
853 1738 957 1797 'est
983 1754 998 1795 :
1031 1728 1390 1826 ideo'apud
1413 1732 1682 1800 Graecos
1708 1731 2125 1824 hermupoan
2153 1728 2348 1799 multi
2393 1732 2612 1797 v'ocant

547 1898 734 1961 eam,
769 1871 951 1969 apud
990 1900 1111 1943 nos
1152 1900 1381 1944 omnes
1423 1873 1910 1944 mercurialem.
1950 1878 2106 1944 Duo
2151 1876 2293 1968 ejus
2338 1897 2608 1968 genera:

550 2018 880 2088 masculus
903 2072 922 2104 ,
959 2035 1027 2088 et
1059 2018 1302 2088 femina
1323 2071 1341 2107 ,
1379 2044 1525 2112 quae
1553 2007 1918 2108 ¹efficacior,
1953 2016 2487 2102 caulecubitali,
2524 2018 2612 2083 in-

549 2164 813 2232 terdum
848 2189 1108 2233 ramoso
1142 2165 1210 2231 in
1242 2163 1622 2253 cacumine,
1652 2166 1868 2266 ocimo
1903 2163 2399 2260 angustioribus
2429 2159 2612 2241 foliis,

547 2295 867 2401 geniculis
913 2308 1172 2396 densiS‚
1211 2306 1469 2377 alarum
1515 2311 1693 2394 cavis
1739 2285 2011 2393 multis,
2052 2310 2303 2378 semine
2343 2308 2413 2375 in
2454 2306 2614 2401 geni-

549 2452 718 2523 culis
757 2454 1175 2548 dependente
1205 2481 1229 2523 .:
1268 2454 1532 2525 feminae
1564 2457 1835 2549 copioso
1858 2509 1876 2545 ,
1910 2457 2076 2529 mari
2105 2457 2295 2549 juxta
2323 2450 2615 2550 genicula

543 2614 758 2668 stante
781 2652 799 2685 ‚
843 2602 1082 2669 rariori
1143 2625 1222 2670 ac
1266 2600 1491 2687 brevi,
1533 2614 1973 2693 contortoque
2014 2626 2030 2668 :
2074 2600 2335 2668 feminae
2358 2653 2376 2686 ,
2414 2595 2617 2666 soluto

545 2757 610 2812 et
640 2732 949 2812 candido.
984 2741 1171 2811 Folia
1204 2742 1503 2812 maribus
1540 2743 1875 2837 nigriora,
1907 2735 2616 2815 feminisgcandidiora:

543 2887 732 2956 radix
779 2910 1227 2981 supervacua,
1270 2864 1646 2980 praetenuis,
1693 2889 2082 2957 Nascuntur
2133 2886 2204 2953 in
2250 2850 2620 2979 campestri-

542 3033 677 3104 bus*
706 3033 924 3103 cultis.
969 3034 1224 3101 Mirum
1264 3049 1402 3120 est,
1447 3030 1628 3125 quod
1668 3031 1749 3101 de
1786 3046 2074 3125 utroque
2116 3056 2351 3101 eorum
2374 3053 2621 3125 ,genere

541 3176 872 3271 proditur,
913 3191 988 3246 ut
1027 3201 1244 3245 mares
1282 3177 1668 3270 gignantur,
1701 3175 1882 3244 hunc
1920 3175 2132 3244 facere
2163 3201 2182 3262 3
2217 3189 2293 3243 ut
2324 3170 2620 3259 feminae,

542 3323 744 3393 illam.
784 3329 931 3393 Hoc
985 3325 1371 3418 contingere
1398 3374 1417 3408 ,
1473 3324 1527 3391 si
1578 3348 1617 3391 a
1667 3338 1995 3417 conceptu
2043 3348 2275 3391 succus
2327 3324 2621 3416 protinus

542 3472 814 3541 bibatur
864 3474 936 3541 in
986 3497 1218 3566 passo,
1274 3471 1643 3541 edanturve
1696 3471 1854 3540 folia
1906 3472 2180 3541 decocta
2232 3497 2317 3540 ex
2371 3469 2519 3540 oleo
2566 3484 2623 3538 et

544 3621 679 3692 sale
700 3658 737 3708 ‚=
774 3621 881 3690 vel
908 3586 1138 3690 ⁸cruda
1183 3647 1265 3690 ex
1311 3636 1523 3691 aceto.
1578 3619 1876 3711 Quidam
1931 3620 2317 3715 decoquunt
2368 3646 2518 3690 eam
2559 3621 2622 3686 in

542 3797 719 3841 novo
756 3769 950 3863 ,fictili
994 3796 1148 3840 cum
1190 3769 1630 3864 heliotropio,
1676 3784 1743 3838 et
1781 3766 2038 3837 duabus
2085 3783 2201 3837 aut
2244 3753 2460 3837 tribus
2503 3767 2623 3862 spi·

534 3916 675 4012 'ciS,
714 3922 926 3991 donec
966 3921 1395 4014 decoquatur.
1438 3922 1809 4005 Decoctum
1856 3917 1998 3986 dari
2040 3919 2279 4012 jubent
2299 3970 2319 4007 ,
2374 3933 2442 3988 et
2478 3918 2617 3986 her-

528 4069 694 4139 =bam
746 4069 958 4163 ipsam
1003 4064 1310 4177 inaecibo,
1348 4063 1561 4139 altero
1611 4064 1719 4136 die
1763 4065 2176 4160 purgationis
2228 4062 2612 4134 mulieribus
