2846 4869
457 426 532 482 28
886 431 959 485 C.·
990 431 1223 487 PLINII
1265 431 1459 488 HIST.
1504 433 1671 489 NAT.
1715 432 1856 489 LIB.
1886 434 2120 490 XXIV..

456 538 656 624 utilis.
699 554 900 625 Fiunt
952 581 1031 625 ex
1078 581 1155 624 ea
1211 571 1279 625 et
1323 557 1708 652 hydropicis
1753 558 2013 652 pilulae,
2062 585 2216 629 cum
2260 559 2382 626 fico
2440 558 2536 626 al-

458 724 614 787 vum
646 698 1017 769 trahentes.
1059 701 1497 794 Lumho'rum·
1520 701 1817 771 dolorem
1857 705 2187 772 victoriati
2236 703 2532 799 pondere

453 845 521 911 in
578 828 735 913 vino
795 842 988 930 finit,
1041 856 1108 911 et
1161 845 1396 913 tussim
1466 821 1818 914 recentem.
1876 849 2185 915 Mortuos
2256 860 2482 941 partus
2512 900 2531 927 ‚

453 1013 529 1058 ex
564 1003 1002 1076 acetodcocta‚
1038 1003 1105 1058 et
1135 1003 1326 1085 pota,
1360 990 1598 1084 ejicere
1631 993 1937 1085 protinus
1968 990 2233 1061 dicitur.

1237 1449 1325 1504 De
1357 1447 1582 1523 pityusa
1600 1489 1617 1518 ‚
1660 1468 1746 1505 Vl.

550 1654 735 1722 XXI.
774 1655 948 1722 Cum
982 1653 1239 1724 honore
1271 1671 1338 1724 et
1371 1658 1635 1751 pityusa
1671 1656 1868 1725 simili
1903 1655 1983 1725 de
2018 1682 2214 1726 causa
2250 1657 2531 1745 dicetur,

453 1821 653 1890 quam
686 1795 960 1889 quidam
997 1799 1067 1865 in
1107 1762 1440 1891 tithymali
1478 1823 1721 1893 genere
1753 1816 2128 1870 numerant.
2158 1804 2404 1869 Frutex
2436 1815 2537 1869 est

459 1939 688 2010 similis
723 1943 963 2036 piceae,
1001 1940 1166 2010 flore
1203 1965 1447 2035 parve,
1484 1968 1843 2038 purpureo.
1875 1943 2085 2013 Bilem
2123 1959 2190 2013 et
2221 1946 2534 2039 pituitam

453 2110 572 2180 per
607 2085 828 2154 alvum
870 2083 1160 2153 detrahit
1196 2084 1383 2157 radix
1406 2140 1425 2171 ‚
1466 2085 1720 2156 decocti
1759 2087 2024 2156 hemina
2056 2115 2071 2156 z
2116 2104 2231 2158 aut
2267 2089 2533 2158 seminis

453 2229 707 2326 lingula
740 2232 811 2327 in
844 2228 1118 2301 balanis.
1148 2228 1335 2300 Folia
1368 2232 1439 2299 in
1472 2247 1659 2302 aceto
1695 2230 1997 2322 decocta,
2033 2234 2322 2303 furfures
2356 2234 2530 2302 cutis

451 2375 809 2447 emendant
848 2401 864 2445 ε
917 2386 1238 2448 mammas
1286 2401 1557 2471 quoque
1610 2379 1820 2448 mixto
1876 2393 2045 2449 rutae
2096 2378 2372 2449 decocto
2395 2432 2415 2464 ‚
2470 2392 2539 2447 et

452 2523 743 2593 tormina
765 2565 789 2605 ,‹
823 2537 892 2590 et
932 2522 1339 2616 serpentium
1378 2524 1589 2608 ictuS,
1627 2538 1690 2592 et
1733 2524 1800 2592 in
1848 2538 2064 2593 totum
2109 2521 2535 2595 collectiones

456 2666 867 2762 incipientes,

1272 3018 1496 3075 Resinis
1515 3059 1533 3089 ‚
1575 3037 1722 3075 xxu.

549 3234 771 3302 XXII.
821 3233 1134 3301 Resinam
1180 3256 1217 3299 e
1271 3255 1475 3324 supra
1524 3230 1716 3298 dictis
1774 3229 2125 3297 arboribus
2177 3229 2361 3323 gigni
2415 3229 2541 3297 do-

454 3369 754 3458 cuimu5‚
798 3384 863 3439 et
906 3394 1146 3465 genera
1185 3370 1328 3463 ejus
1380 3383 1446 3436 et
1489 3370 1789 3438 nationes
1828 3368 1896 3435 in
1944 3367 2206 3464 ratione
2244 3367 2418 3454 vini,
2462 3391 2541 3435 ac

453 3521 681 3603 postea
734 3509 804 3575 in
859 3507 1232 3578 arboribus.
1290 3510 1587 3584 ¹Summae
1635 3505 1883 3600 species
1936 3504 2084 3573 duae
2129 3529 2147 3571 ε
2201 3506 2375 3576 sicca
2399 3554 2430 3591 ,.
2475 3519 2544 3572 et

456 3643 727 3740 liquida.
769 3646 954 3716 Sicca
994 3672 1045 3715 e·
1072 3646 1238 3741 pinu
1277 3658 1344 3713 et
1378 3646 1571 3739 picea
1605 3643 1724 3712 fit:
1762 3643 2015 3737 liquida
2050 3667 2087 3711 e
2126 3641 2544 3728 terebintho,

455 3782 691 3869 larice,
721 3765 1055 3869 'lentich¹
1078 3781 1414 3877 cupresso.
1459 3783 1636 3853 Nam
1672 3796 1737 3851 et
1778 3807 1870 3849 eae
1905 3781 2233 3850 ferunt-in
2271 3781 2427 3848 Asia
2477 3795 2546 3848 et

458 3922 670 4015 Syria.
701 3919 1051 3989 Falluntur
1081 3920 1194 4013 qui
1234 3919 1537 3989 eamdem
1572 3933 1813 4013 putant
1846 3945 2018 4007 esse,
2050 3944 2086 3986 e
2121 3919 2305 4012 picea
2343 3932 2546 4012 atque

464 4056 677 4127 larice.
735 4060 925 4127 Picea
972 4058 1146 4126 enim
1190 4058 1552 4152 pinguem,
1602 4074 1666 4126 et
1713 4058 1924 4126 thuris
1965 4058 2164 4127 modo
2205 4083 2545 4140 succosam
