2846 4869
449 402 556 461 104
686 464 694 470 ¹
893 394 958 449 c.
996 396 1226 451 PL1N11
1267 393 1464 451 ms’r.
1506 393 1681 450 ΝΑΤ.
1723 393 1863 449 Lm.
1893 394 2106 449 xxlv.

1204 589 1685 676 Chamaedaphne,
1718 621 1774 658 v.

540 738 851 841 LXXXI}
904 769 1447 864 Chamaedaphne
1501 770 1702 848 unico
1751 770 2009 840 ramulo
2065 785 2205 856 est,
2253 769 2542 842 cubitali

444 914 581 985 fere
616 940 632 982 ε
676 911 837 983 folia
876 914 1178 984 tenuiora
1217 911 1388 983 lauri
1425 912 1605 983 solie.
1643 917 1883 983 Semen
1912 914 2159 984 rubens
2194 913 2543 983 adnexum

446 1058 619 1128 foliis
661 1053 946 1127 illinitur
979 1059 1215 1154 capitis
1257 1057 1600 1128 doloribus
1640 1083 1888 1128 recens.
1931 1059 2217 1130 Ardores
2254 1059 2542 1154 refrige-

446 1218 552 1272 rat
608 1183 777 1272 t'ad
840 1203 1130 1272 tormina
1194 1227 1348 1272 cum
1408 1202 1569 1271 vino
1630 1202 1901 1271 bibitur.
1965 1206 2229 1272 Menses
2291 1228 2539 1273 succus

447 1349 588 1442 ejus
612 1398 633 1436 ,
670 1361 738 1415 et
775 1347 1042 1418 urinam
1081 1347 1209 1415 ciet
1244 1362 1412 1441 potu
1434 1398 1455 1436 ,
1500 1362 1862 1444 partusque
1904 1344 2209 1418 difficiles
2254 1347 2325 1416 in
2376 1344 2540 1450 lana

448 1492 807 1587 adpositus,

1139 2003 1144 2008 ·
1262 1927 1574 1983 Chamelaea
1586 1930 1622 1997 ,‘
1639 1946 1721 1983 v1.

516 2077 885 2170 CXXXII.
923 2098 1299 2171 Chamelaea
1330 2101 1835 2173 similitudinem
1872 2102 2185 2173 foliorum
2217 2103 2374 2175 oleae
2410 2106 2537 2175 ha·

447 2248 580 2315 bet.
618 2248 794 2314 Sunt
833 2210 1359 2333 autem'amara,
1395 2247 1710 2338 od0rata,
1747 2249 1818 2317 in
1855 2250 2137 2343 petrosis
2160 2302 2179 2339 ,
2224 2248 2533 2345 palmum

447 2386 798 2458 altitudine
844 2413 981 2458 non
1031 2388 1402 2458 excedente.
1450 2387 1695 2460 Alvum
1745 2405 1988 2487 purgat
2022 2416 2039 2461 ε
2081 2391 2372 2462 detrahit
2416 2395 2534 2488 pi·-

447 2535 684 2602 tuitam
728 2533 1064 2628 bilemque
1113 2561 1129 2603 ε
1180 2533 1363 2604 foliis,
1411 2535 1482 2602 in
1537 2533 1794 2604 duabus
1851 2535 2164 2605 absinthii
2222 2538 2532 2632 partibus

446 2678 772 2767 decoctis,
819 2704 1148 2774 succoque
1190 2706 1274 2750 eov
1307 2704 1460 2749 cum
1505 2678 1700 2748 melle
1732 2694 1912 2774 poto.
1949 2679 2151 2751 Foliis
2196 2684 2532 2778 impositis

444 2837 511 2892 et
564 2822 786 2894 ulcera
841 2838 1235 2918 purgantur.
1285 2816 1536 2910 Aiunt,
1583 2824 1637 2892 si
1688 2825 1837 2918 quis
1884 2839 2037 2893 ante
2089 2824 2245 2894 solis
2296 2841 2532 2896 ortum

443 2991 591 3036 eam
612 2969 877 3063 capiat,
915 2967 1221 3061 dicatque
1255 2967 1341 3036 ad
1378 2966 1721 3064 albugines
1758 2967 2109 3039 oculorum
2138 2994 2211 3039 se
2242 2994 2478 3065 capere
2503 3023 2528 3058 ,

443 3107 796 3206 adalligata
833 3110 1076 3180 discuti
1114 3110 1182 3179 id
1222 3112 1468 3181 vitium
1501 3138 1517 3181 ε
1562 3136 1836 3206 quoquo
1878 3113 2079 3182 modo
2121 3138 2284 3182 vero
2321 3114 2526 3184 colle-

443 3267 621 3323 ctam
649 3255 1105 3348 jumentorum
1138 3281 1596 3354 pecorumque
1624 3254 1836 3325 oculis
1870 3255 2227 3332 salutarem
2256 3283 2417 3329 esse.

1205 3596 1557 3672 Chamaesyce
1572 3635 1590 3667 ‚
1624 3614 1762 3653 vnr..

534 3772 910 3841 LXXXIII.
968 3770 1385 3865 Chamaesyce
1444 3726 1640 3840 lentis
1701 3768 1863 3841 folia
1920 3769 2121 3838 habet
2146 3820 2165 3859 ,
2221 3766 2392 3841 nihil
2453 3795 2528 3840 se

437 3905 840 3996 attollentia,
877 3907 948 3974 in
985 3905 1183 3974 aridis
1217 3908 1630 4000 petrosisque
1669 3931 1966 3977 nascens.
2007 3908 2314 3983 Claritati
2350 3932 2518 3979 ocu-

315 4048 349 4139 ,⁹
436 4037 694 4132 lorum,
738 4057 803 4111 et
844 4056 1080 4113 contra
1132 4041 1530 4113 suffusiones
1586 4042 1931 4116 utilissima
1951 4096 1974 4136 ,
2015 4061 2081 4116 et
2136 4048 2519 4137 cicatriceS,
