2846 4869
493 440 566 495 26
914 439 1250 494 C.·PL1·N11
1291 438 1483 497 HIST.
1528 438 1704 494 NAT.
1746 440 1885 495 LIB.
1915 439 2136 499 XXIV.

497 578 679 632 taxat
721 586 873 657 quae
911 563 1079 656 picis
1115 522 1480 658 resinaque
1524 562 1740 660 gratia
1789 563 2110 639 radantur
2125 619 2156 654 ‚⁴
2195 565 2576 645 utilissimas

494 734 635 777 esse
679 706 1024 801 phthisicis
1049 760 1069 796 ‚
1113 723 1230 776 aut
1276 709 1392 802 qui
1445 706 1645 805 longa
1694 707 2087 805 aegritudine
2134 735 2271 779 non
2312 711 2572 780 recolli-

499 867 656 948 gant
707 854 918 940 vireS‚
958 854 1115 921 satis
1154 867 1464 923 constat:
1511 868 1579 922 et
1632 834 1821 922 illum
1863 854 2003 925 caeli
2053 880 2205 925 aera
2250 855 2400 951 plus
2441 858 2531 925 ita
2556 909 2575 941 ‚

497 1022 695 1089 quam
757 997 1251 1091 navigationem
1310 998 1662 1092 aegyptiam
1684 1049 1703 1084 ,
1757 997 2121 1093 proficere,
2172 998 2323 1094 plus
2375 1024 2575 1093 quam

501 1139 689 1210 lactis
728 1139 1037 1209 herbidos
1077 1164 1197 1234 per
1234 1142 1570 1210 montium
1597 1142 1827 1215 oestiva
1862 1156 2081 1236 potus.

1305 1732 1676 1807 Chamaepity,
1716 1694 1767 1788 x:
1813 1729 1860 1779 ⁴³¹-

593 1924 741 1993 XX.
778 1927 1221 2020 Chamaepitys
1268 1924 1474 1999 latine
1520 1929 1714 2024 abiga
1748 1913 2032 1998 vocatur
2063 1941 2341 2021 propter
2382 1927 2581 1996 abor-

500 2080 655 2155 tuS‚'
682 2069 765 2137 ab
809 2067 953 2137 aliis
982 2067 1148 2138 'thus
1187 2083 1379 2140 terrae
1414 2097 1432 2138 ε
1469 2071 1867 2147 cubitalibus
1906 2033 2144 2168 ramis,
2180 2069 2343 2141 flore
2377 2072 2579 2166 pinus

497 2226 565 2279 et
619 2211 844 2280 odore.
910 2211 1141 2283 Altera
1198 2215 1468 2283 brevior
1494 2267 1513 2303 ‚
1571 2230 1671 2283 et·
1698 2217 1990 2284 incurvae
2047 2214 2297 2284 similis.
2356 2216 2579 2284 Tertia

466 2355 728 2424 ‚eodem
770 2356 979 2453 odore
1001 2409 1021 2446 ,
1056 2372 1129 2425 et
1168 2329 1319 2429 ideo
1361 2361 1635 2433 nomine
1668 2384 1973 2454 quoque,
2010 2358 2327 2456 parvula,
2369 2357 2577 2429 cauli-

492 2502 647 2572 culo
693 2504 991 2599 digitali,
1042 2504 1218 2574 foliis
1270 2508 1519 2576 scabris
1540 2560 1559 2595 ‚
1605 2505 1888 2576 exilibus
1912 2560 1933 2593 ‚
1987 2507 2154 2577 albis
2178 2560 2198 2593 ,
2252 2508 2323 2576 in
2371 2507 2579 2603 petris

496 2629 787 2719 nascens.
820 2655 1069 2728 Omnes
1103 2651 1361 2739 herbae,
1397 2651 1514 2720 sed
1551 2666 1828 2748 propter
1861 2652 2325 2747 cognationem
2363 2652 2577 2721 nomi-

494 2797 596 2864 nis
629 2819 767 2865 non
804 2793 1204 2866 differendae.
1239 2798 1533 2868 Prosunt
1564 2793 1879 2865 adversus
1915 2796 2347 2890 scorpionum
2381 2797 2571 2866 ictus.

488 2947 658 3011 Item
696 2941 979 3034 jocineri
1021 2939 1201 3011 illitae
1240 2966 1396 3011 cum
1438 2941 1675 3035 palmis
1696 2994 1717 3030 ‚
1760 2957 1878 3011 aut
1914 2942 2254 3036 cotoneis5
2274 2942 2575 3020 Renibus

489 3101 553 3154 et
579 3088 840 3175 vesicae,
866 3087 1213 3156 decoctum
1242 3111 1472 3155 earum
1497 3111 1649 3154 cum
1673 3085 1887 3155 farina
1913 3082 2303 3160 hordeacea.
2326 3087 2574 3157 Morbo

489 3254 756 3323 quoque
792 3229 1011 3326 regi0‚
1045 3243 1111 3297 et
1148 3228 1362 3297 urinae
1395 3227 1928 3318 difficultatibus,
1958 3253 2038 3297 ex
2072 3254 2243 3324 aqua
2284 3230 2572 3300 decoctae

492 3374 834 3445 bibuntur.

580 3827 960 3898 Novissima
1007 3812 1247 3898 contra
1286 3807 1622 3924 serpentes
1658 3826 1852 3920 ‘valet¹
1875 3801 2026 3896 cum
2067 3824 2278 3914 melle.
2338 3825 2449 3892 Sic
2505 3836 2571 3890 et

482 3970 784 4063 adposita
835 3969 1068 4041 vulvas
1116 3975 1381 4067 purgat.
1438 3973 1847 4067 Sanguinem
1891 3964 2240 4058 densatum
2279 3965 2569 4042 extrahit

491 4128 669 4203 pota.
721 4114 1010 4185 Sudores
1064 4117 1215 4186 facit
1265 4119 1599 4211 perunctis
1647 4145 1721 4187 ea
1745 4172 1764 4208 ‚
1821 4108 2242 4212 peculiariter
2295 4110 2568 4187 renibus
