2846 4869
503 391 578 461 84
933 398 995 451 C.
1038 396 1266 451 PLINH
1308 394 1500 449 HIST.
1544 392 1718 448 NAT.
1761 388 1898 447 LIB.
1927 387 2138 445 XXIV.

504 521 713 609 cient,
751 521 1217 592 amaritudines
1250 522 1566 590 hebetant
1608 518 1937 589 adstrictis
1980 516 2232 585 ceteris,
2281 511 2449 600 Quae
2482 527 2571 578 ex
2629 590 2634 595 .

506 663 848 758 amygdala
877 689 1098 734 amara
1130 680 1259 752 est,
1298 662 1752 759 spissandique
1786 661 2035 732 viribus
2071 654 2415 742 efficacior,
2450 653 2568 721 ha-

506 809 617 876 bet
647 806 1135 879 excalfactorias
1171 810 1360 878 vires.
1395 811 1881 901 Praeponuntur
1912 818 2132 873 autem
2163 824 2572 897 prunorum,

506 967 572 1021 et
607 977 981 1022 cerasorum
1009 1006 1028 1038 ‚
1066 978 1143 1023 ac
1179 954 1435 1022 vitium.
1479 948 1744 1021 Siccant
1777 947 1956 1020 illitae
1993 928 2057 1017 et
2092 931 2516 1040 adstringunt
2551 970 2599 1011 :-

506 1119 587 1164 ex
614 1107 802 1165 aceto
831 1119 984 1165 vero
1010 1095 1363 1164 infantium
1390 1094 1682 1164 lichenas
1712 1107 1968 1162 sanant.
1994 1095 2284 1161 Prosunt
2295 1077 2372 1158 ⁴et
2400 1088 2571 1158 tussi

506 1241 752 1327 veteri,
787 1255 1077 1332 quatuor
1112 1236 1324 1333 obolis
1356 1239 1431 1310 in
1465 1238 1674 1306 mixto
1709 1238 1906 1332 potis.
1937 1230 2324 1306 Credantur
2359 1249 2426 1304 et
2465 1260 2580 1303 co·-

507 1382 710 1451 lorem
763 1384 1118 1477 gratiorem
1174 1382 1386 1451 facere
1408 1436 1433 1482 ⁹<
1486 1384 1916 1479 ciborumque
1964 1360 2408 1476 appetentiam
2429 1430 2448 1466 ,
2487 1392 2579 1447 ‘et

506 1523 849 1598 calculosis
883 1526 1195 1621 prodesse
1242 1552 1393 1597 cum
1438 1551 1633 1620 passo
1668 1541 1861 1620 potae.
1910 1524 2388 1598 Oculorum=et
2422 1521 2578 1591 vul-

510 1693 749 1738 nerum
783 1669 1176 1741 utilitatibus
1210 1672 1491 1739 maxime
1527 1660 1949 1739 conveniunt.

1027 2020 1200 2093 Spina
1218 2020 1473 2095 ,aegyptia
1488 2062 1503 2091 ,
1540 2021 1658 2077 sive
1693 2022 1913 2079 arabica
1929 2063 1945 2091 ,
1988 2039 2066 2077 ιν.

609 2196 813 2262 LXV.
873 2219 975 2262 12.
1037 2196 1257 2290 Spinae
1314 2197 1651 2290 aegyptiae,
1701 2198 1835 2266 sive
1887 2197 2163 2268 arabicae
2224 2195 2450 2266 laudes
2515 2198 2584 2268 in

514 2337 797 2406 odorum
832 2335 988 2405 loco·
1003 2321 1328 2405 diximus:
1355 2351 1421 2406 et
1448 2338 1589 2431 ipsa
1619 2340 1853 2432 spissat
1886 2341 2278 2434 stringitque
2305 2337 2585 2408 distilla-

514 2484 728 2552 tiones
774 2507 1043 2570 omneS,
1083 2497 1153 2551 et
1191 2483 1531 2577 sanguinis
1565 2485 2082 2571 exscreationcS,
2125 2485 2586 2577 mensiumque

514 2627 988 2697 abundantiam
1007 2678 1028 2716 ,
1069 2622 1432 2697 etiamnum
1466 2627 1686 2697 radice
1720 2628 2061 2698 valentior.

1094 2846 1269 2920 Spina
1299 2848 1463 2916 alba3
1498 2866 1567 2904 11.
1606 2847 1926 2918 Acanthio,
1959 2868 1999 2904 1.

626 3020 865 3090 LXVI.
900 2998 1136 3117 [spinae
1191 3023 1354 3093 albae
1412 3048 1631 3125 semen
1689 3038 1920 3093 contra
1974 3025 2351 3119 scorpiones
2399 3010 2592 3092 auxi}-

526 3162 746 3232 liatur.
788 3166 1054 3234 Corona
1097 3191 1177 3235 ex
1225 3191 1300 3235 ea
1349 3166 1654 3260 imposita
1675 3218 1694 3254 ,
1741 3167 1974 3261 capitis
2020 3165 2280 3239 dolores
2323 3167 2586 3237 minuit.

524 3310 695 3378 Huic
736 3308 966 3380 similis
1002 3325 1097 3379 est
1139 3313 1327 3406 spina
1360 3309 1513 3400 illa,
1560 3337 1759 3406 quam
1814 3312 2029 3408 Graeci
2076 3311 2430 3381 acanthion
2476 3336 2592 3380 vo-

522 3467 715 3534 cant,
778 3454 1146 3523 minoribus
1200 3452 1415 3524 multo
1449 3416 1644 3524 vfoliis
1670 3507 1689 3541 ‚
1742 3453 2052 3547 aculeatis
2106 3478 2227 3548 per
2282 3455 2594 3522 extremi-

521 3609 693 3664 tates
725 3648 744 3684 ,
800 3610 864 3663 et
920 3620 1233 3666 araneosa
1284 3596 1599 3692 lanugine
1650 3597 1957 3666 obductis
2011 3624 2026 3665 ε
2081 3620 2214 3691 qua
2270 3594 2548 3666 collecta
2571 3650 2590 3686 ,

521 3736 722 3841 etiam
797 3754 1005 3806 vestes
1082 3737 1385 3831 quaedam
1455 3738 2191 3833 bombycinis}{similes
2269 3738 2443 3810 fiunt
2518 3743 2589 3809 in

521 3884 816 3955 Oriente.
868 3886 1024 3977 Ipsa
1075 3881 1230 3953 folia
1273 3882 1375 3953 vel
1425 3883 1687 3953 radices.
1719 3883 1803 3957 ad
1843 3875 2138 3957 remedia
2176 3887 2588 3981 opisthotoni

523 4027 862 4097 bibuntur.
926 4048 931 4054 ·
