2846 4869
559 405 668 461 130
984 407 1048 462 C.
1089 407 1561 482 PLINILHIST.
1603 406 1775 466 NAT.
1817 408 1958 463 LIB.
1986 408 2200 470 XXIV.
2261 461 2268 472 ,

551 546 696 600 tum
752 533 1123 602 nutrientes
1170 561 1185 601 z
1235 532 1326 603 ita
1367 531 1514 603 fieri
1557 531 1947 604 excellentes
2003 536 2227 604 auimo
2272 548 2341 606 et
2377 533 2639 622 forma,
2681 547 2688 554 ’

474 696 481 702 ·
550 691 753 767 atque
790 676 1024 745 bonos,
1054 679 1324 746 ‘Harum
1363 679 1669 746 omnium
1708 679 1966 773 magica
2000 704 2269 773 quoque
2309 676 2638 748 vocabula

549 824 757 917 ponit.
789 821 1054 916 Adjecit
1093 822 1195 890 his
1241 820 1692 917 Apollodorus
1727 821 2099 893 adsectator
2144 825 2321 917 ejuS,
2361 824 2641 892 herbam

550 966 1098 1068 aeschynomenen
1121 1020 1141 1051 ‚
1199 967 1519 1060 quoniam
1576 966 2160 1061 adpropinquante
2215 992 2418 1037 manu
2483 965 2645 1035 folia

553 1112 996 1192 contraheret.
1023 1109 1241 1182 Aliam
1266 1110 1567 1200 crocida,
1592 1110 1788 1204 cujus
1813 1126 2001 1181 -tactu
2030 1111 2386 1208 phalangia
2414 1137 2639 1181 more·

543 1273 798 1327 rentur.
851 1259 1173 1326 Cratevas
1211 1256 1692 1326 oenotheridem
1713 1309 1735 1345 ‚
1790 1258 1983 1351 cujus
2024 1257 2341 1352 adspersu
2382 1282 2422 1326 e
2468 1260 2630 1327 vino

542 1401 768 1470 feritas
814 1361 1133 1470 omnium,
1164 1399 1555 1470 animalium
1605 1402 2046 1495 mitigaretur.
2098 1404 2635 1494 Anacampsero-

543 1561 678 1614 tem
712 1544 972 1614 celeber
998 1521 1142 1614 arte
1174 1547 1613 1642 grammatica
1651 1543 1865 1639 paulo,
1891 1559 2050 1614 ante
2069 1596 2089 1633 ,
2121 1545 2311 1639 cujus
2350 1546 2631 1613 omnino

543 1704 721 1759 tactu
750 1688 1046 1759 redirent
1077 1685 1364 1778 Μῄονες,
1393 1687 1496 1759 vel
1526 1714 1682 1759 cum
1713 1689 1872 1759 odio
1902 1687 2211 1784 depositi.
2241 1691 2332 1757 Et
2364 1688 2633 1758 abunde

540 1834 623 1903 sit
659 1834 979 1911 hactenus
1020 1834 1336 1929 adtigisse
1379 1834 1663 1927 insignia
1705 1856 2056 1930 magorum
2095 1834 2164 1901 in
2214 1833 2316 1902 his
2360 1833 2631 1918 herbiS‚

534 1977 663 2048 alio
703 1977 785 2047 de
824 1980 928 2047 his
971 1978 1229 2072 aptiore
1275 1976 1556 2046 dicturis
1597 1973 1763 2046 loco,

1359 2892 1365 2899 Ι
1442 2812 1695 2887 Eripbia.

631 2985 807 3053 CIII.
852 2985 955 3056 18.
996 2985 1340 3080 Eriphiam
1368 2962 1574 3075 'multi
1616 2974 2000 3082 prodidere.'
2024 2987 2445 3058 Scarabaeum
2481 2986 2618 3054 haec

532 3122 606 3191 in
635 3147 850 3194 avena
879 3123 1113 3213 habet,
1148 3150 1413 3197 sursum
1447 3120 1756 3217 deorsum
1783 3120 2248 3207 decurrentem
2273 3149 2428 3195 cum
2456 3146 2621 3193 sono

535 3257 711 3327 hoedi
733 3312 752 3349 ,
788 3259 967 3331 unde
1005 3277 1351 3343 et.nomen
1393 3262 1668 3356 accepit.
1699 3264 1844 3353 Hac
1871 3261 1958 3329 ad
1986 3286 2215 3331 vocem
2248 3259 2421 3355 ,nihil
2456 3285 2618 3361 prae-

535 3398 815 3465 stantius
856 3422 997 3467 esse
1036 3397 1331 3497 tradunt.

740 3610 755 3619 ’
831 3666 837 3672 .
894 3619 1088 3678 Herba
1120 3620 1370 3691 lanaria,
1398 3639 1471 3691 13
1501 3620 1731 3676 lactoris
1754 3661 1774 3689 ‚
1809 3639 1865 3690 13
1899 3618 2195 3690 militaris,
2227 3640 2270 3676 1.

626 3797 801 3867 CIV.
844 3797 1068 3865 Herba
1101 3795 1354 3866 lanaria
1392 3797 1630 3865 ovibus
1659 3797 1905 3892 jejunis
1945 3794 2097 3864 data
2119 3848 2138 3885 ,
2183 3794 2370 3865 lactis
2406 3797 2619 3868 abun-

532 3902 829 4006 dantiam
863 3935 1041 4005 facit.
1066 3937 1277 4029 AEque
1303 3950 1464 4004 'nota
1489 3933 1758 4004 lactoris
1789 3934 1991 4031 vulgo
2021 3949 2148 4039 9⁸⁸³!
2173 3934 2369 4030 plena
2396 3936 2615 4026 lactiS,

531 4072 713 4166 quod
766 4073 1184 4167 degustatum
1238 4073 1632 4144 vomitiones
1696 4073 2007 4157 concitat.
2062 4072 2383 4159 Eamdem
2448 4074 2613 4144 hanc
