2846 4869
481 433 593 500 342
926 436 989 490 C.
1031 434 1265 493 PLINII
1304 433 1500 489 HIST.
1546 432 1719 487 NAT.
1762 431 1903 485 LIB.
1937 431 2123 485 XXV.

930 644 1328 719 Pericarpum:
1363 661 1574 719 genera
1599 663 1684 714 113
1721 639 2019 699 medicinae
2043 661 2117 699 11.

585 856 930 924 LXXXII.
966 856 1400 950 Pericarpum
1426 853 1617 926 bulbi
1649 880 1858 950 genus
1895 867 2013 926 est.
2041 856 2212 921 Duae
2247 851 2397 943 ejus
2434 871 2577 943 spe·

488 999 655 1067 ciest
696 998 942 1068 cortice
982 999 1191 1068 rubro
1222 996 1545 1086 alterum,
1582 1000 1780 1093 nigro
1814 996 2133 1090 papaveri
2173 990 2415 1064 simile.
2452 990 2576 1060 Sed

488 1143 589 1210 vis
635 1143 849 1235 major
904 1124 1105 1235 quam
1158 1143 1421 1236 priori:
1478 1142 1747 1236 utrique
1803 1154 2026 1208 autem
2081 1133 2576 1206 excalfaciendi.

489 1285 650 1355 Ideo
693 1300 929 1356 contra
959 1287 1243 1355 cicutam
1294 1284 1590 1356 dantur:
1650 1299 1885 1355 contra
1923 1307 2126 1378 quam
2162 1295 2229 1350 et
2266 1281 2470 1369 thuS,
2519 1294 2580 1347 et

491 1455 773 1525 panaces
795 1481 816 1517 ‚
852 1429 1229 1499 chironium
1264 1432 1614 1525 praecipue.
1652 1433 1800 1499 Hoc
1836 1444 1904 1498 ct
1934 1442 2168 1498 contra
2202 1427 2473 1521 fungos.
2573 1489 2581 1504 ,

705 1746 982 1801 Remedia
1009 1746 1083 1801 ad
1121 1745 1258 1800 vitia
1286 1745 1484 1819 capitis
1499 1786 1517 1816 ,
1549 1764 1594 1800 1.
1634 1746 1942 1819 Nymphaea
1964 1784 1982 1814 ,
2016 1742 2290 1812 heraclia,
2322 1761 2398 1798 11.

595 1955 974 2023 LXXXIII.
1012 1952 1058 2021 ⁸'1
1083 1980 1139 2022 1.
1185 1957 1440 2024 Verum
1499 1967 1564 2022 et
1612 1954 1979 2049 generatim
2032 1952 2583 2044 membratimque

501 2095 780 2191 singulis
826 2122 1186 2193 corporum
1236 2098 1514 2194 morbis*
1543 2095 1850 2166 remedia·
1879 2096 2340 2184 subtexemuS‚
2387 2096 2520 2165 orsi
2550 2118 2582 2160 a

502 2239 738 2333 capite.

600 2403 947 2501 Alopecias
989 2407 1298 2477 emendat
1340 2410 1706 2506 nymphaeae
1754 2425 1821 2479 et
1866 2407 2175 2479 heracliae
2229 2406 2427 2477 radix
2457 2459 2478 2495 ‚
2535 2405 2584 2474 si

503 2574 637 2619 una
675 2542 848 2618 tritae
888 2549 1254 2620 illinantur.
1293 2551 1636 2646 Polythrix
1669 2553 1869 2622 distat
1901 2578 1939 2622 a
1974 2551 2379 2640 callitriche,
2414 2549 2583 2647 quod

496 2695 735 2787 juncos
774 2691 961 2764 albos
996 2695 1235 2783 hahet,
1275 2710 1341 2764 et
1378 2658 1541 2764 *folia
1584 2694 1778 2789 plura
1798 2747 1818 2785 ‚
1866 2672 2273 2790 majoraque.
2326 2696 2584 2765 Frutice

506 2863 774 2932 quoque
828 2839 1044 2932 major
1103 2853 1249 2908 est:
1306 2839 1708 2909 defluentem
1757 2839 2073 2934 capillum
2117 2839 2479 2910 confirmat
2525 2853 2582 2906 et

505 2982 754 3054 densat.

1336 3171 1646 3247 Lingulaca
1665 3212 1683 3241 ,
1723 3193 1766 3227 1.

604 3378 980 3462 LXXXIV.
1023 3382 1194 3449 Item
1229 3358 1559 3476 lingulaca
1599 3383 1774 3451 circa
1810 3381 2028 3451 fontes
2064 3407 2373 3468 nascenS,
2410 3381 2582 3476 cujus

516 3511 708 3581 radix
743 3514 1035 3587 admixta
1071 3519 1417 3593 combusta
1456 3488 1706 3603 teritur.
1742 3545 1895 3589 cum
1951 3519 2149 3615 adipe
2189 3522 2327 3589 suis
2370 3520 2581 3615 nigrae.

513 3647 897 3744 Id9quoque
928 3655 1284 3750 excipitur,
1329 3671 1406 3724 ut
1427 3657 1575 3749 ejus
1605 3658 1692 3724 sit
1725 3658 1860 3726 suis
1899 3682 2047 3749 quae
2082 3622 2452 3750 numquam
2482 3678 2584 3748 pe-

506 3764 697 3879 perit.
753 3786 866 3857 Sol
910 3786 1150 3859 deinde
1187 3790 1555 3886 plurimum
1595 3793 1853 3885 confert
1895 3790 2097 3860 illitae.
2152 3792 2400 3862 Similis
2440 3814 2581 3859 usus

508 3937 605 3991 est
654 3924 1006 4019 cyclamini
1047 3925 1311 3997 radicis.
1353 3932 1775 4026 Porriginem
1805 3931 2055 3999 veratri
2099 3929 2290 3999 radix
2323 3929 2492 4001 tollit
2521 3930 2579 3996 in

510 4058 655 4130 oleo
704 4062 974 4135 decocta
1001 4117 1021 4156 ‚
1076 4065 1178 4136 vel
1217 4066 1286 4135 in
1330 4092 1525 4161 aqua.
1568 4069 1821 4163 Capitis
1866 4067 2078 4137 dolori
2133 4068 2432 4138 medetur
2467 4092 2573 4162 pa-
