2846 4869
510 411 621 480 346
963 413 1025 466 C.
1068 412 1298 468 PLINII
1340 410 1537 467 Hls'r.
1580 409 1756 496 NAT5
1802 410 1941 466 LIB.
1968 409 2151 466 XXV.

1332 614 1658 684 Lonchitis5
1694 632 1774 670 ιν.

602 806 1050 877 LXXXVIII.
1103 807 1450 876 Lonchitis
1502 832 1640 876 non
1664 858 1683 895 ‚
1724 820 1798 874 ut
1843 802 2141 899 plerique
2180 800 2595 870 existimave-

508 964 704 1036 runt,
739 947 968 1018 eadem
1009 964 1111 1018 est
1158 973 1305 1042 quae
1346 948 1625 1042 xiphion
1644 1000 1664 1033 ‚
1706 939 1822 1017 aut
1870 945 2287 1040 phasganion
2307 995 2326 1031 ,
2371 967 2600 1036 quam·
2633 1029 2638 1032 .

513 1116 716 1186 quam
761 1091 1020 1188 cuspidi
1067 1090 1302 1162 similis
1353 1094 1623 1162 semine.
1673 1091 1893 1160 Habet
1936 1090 2118 1158 enim
2161 1086 2321 1156 folia
2369 1087 2602 1180 porri,

514 1237 826 1306 rubentia
860 1235 944 1305 ad
974 1237 1296 1324 radicem,
1324 1231 1390 1306 et
1422 1236 1649 1332 plura,
1681 1258 1883 1330 quam
1920 1236 1991 1302 in
2031 1230 2245 1322 caule,
2275 1229 2602 1325 capitula,

511 1382 810 1476 personis
846 1381 1117 1451 comicis
1158 1380 1438 1468 similia,
1476 1405 1753 1475 parvam
1785 1378 2239 1449 exserentibus
2274 1376 2601 1471 linguam,

514 1523 846 1594 radicibus
885 1524 1261 1621 praelongis.
1303 1526 1622 1602 Nascitur
1660 1526 1729 1592 in
1769 1522 2160 1592 sitientibus.

1061 1838 1353 1912 Xiphion,
1384 1837 1506 1893 sive
1542 1837 1901 1912 phasganion
1921 1877 1938 1906 ,
1975 1856 2056 1892 ιν.

609 2033 984 2100 LXXXIX.
1042 2034 1100 2100 E
1136 2030 1400 2101 diverso
1448 2032 1721 2124 xiphion
1746 2082 1766 2119 ,
1808 2045 1874 2099 et
1915 2029 2331 2124 phasganion
2364 2030 2436 2096 in
2477 2029 2601 2098 hu-

514 2174 710 2243 midis
739 2200 754 2242 :
782 2199 993 2270 quum
1029 2175 1323 2270 primum
1353 2177 1525 2261 exit,
1556 2173 1757 2270 gladii
1787 2173 2043 2284 praebet
2075 2175 2386 2269 speciem,
2420 2176 2608 2246 caule

511 2317 722 2394 duum
777 2319 1163 2388 cubitorum
1184 2371 1203 2408 ,
1266 2320 1511 2396 radicis
1566 2319 1653 2388 ad
1706 2321 1896 2390 nucis
1951 2318 2265 2389 avellanae
2324 2319 2609 2415 figuram

513 2462 901 2552 fimbriatae‚
943 2491 1147 2559 quam
1200 2465 1404 2536 effodi
1447 2482 1603 2537 ante
1639 2492 1883 2537 messes
1925 2480 2231 2562 oportet,
2269 2468 2507 2539 siccari
2541 2469 2611 2535 in

513 2608 770 2680 umbra.
803 2611 1121 2705 Superior
1154 2636 1308 2706 pars
1346 2613 1489 2706 ejus
1520 2634 1672 2681 curn
1714 2613 1910 2680 thure
1947 2613 2105 2681 trita
2126 2664 2145 2699 ‚
2191 2636 2384 2705 aequo
2441 2638 2613 2707 pon-

412 2760 421 2775 '
514 2751 674 2822 dere
702 2752 1000 2825 admixto
1038 2756 1198 2825 vino
1221 2807 1239 2843 ,
1276 2780 1422 2825 ossa
1462 2754 1673 2825 fracta
1709 2781 1748 2824 e
1783 2758 2000 2849 capite
2033 2756 2365 2825 extrahit:
2402 2748 2521 2826 au't
2557 2758 2611 2826 si

512 2897 676 2992 quid
713 2899 784 2967 in
825 2923 1107 2994 corpore
1153 2916 1479 2994 suppurat
1508 2954 1528 2988 ,
1562 2900 1667 2970 vel
1699 2903 1755 2970 si
1798 2900 2049 2971 calcata
2086 2917 2245 2971 sunt
2277 2927 2427 2971 ossa
2471 2928 2610 2972 ser-

508 3047 728 3138 pentis
759 3072 774 3114 z
818 3045 1049 3115 eadem
1088 3059 1320 3116 contra
1351 3070 1610 3117 venena
1644 3045 1899 3119 efficax.

607 3334 829 3430 Caput
873 3336 942 3404 in
995 3334 1228 3405 dolore
1277 3320 1582 3421 veratro,
1633 3334 1734 3404 v'el
1782 3333 1931 3405 oleo
1952 3388 1971 3425 ‚
2012 3337 2117 3407 vel
2159 3363 2433 3408 rosaceo
2488 3339 2610 3407 de-

511 3494 705 3549 cocto
736 3481 1026 3574 tritoque
1060 3482 1225 3577 ungi
1255 3480 1607 3551 convenit:
1641 3480 2029 3575 peucedano
2065 3507 2145 3549 ex
2171 3480 2326 3551 oleo
2356 3480 2464 3551 vel
2497 3508 2612 3551 ro-

509 3648 740 3713 saceo,
778 3640 848 3692 et
874 3639 1080 3694 aceto.
1116 3626 1448 3721 Tepidum
1491 3626 1620 3695 hoc
1652 3625 1926 3720 prodest
1966 3642 2034 3695 et
2067 3624 2455 3716 doloribuS,
2493 3629 2611 3720 qui

511 3767 906 3864 plerumque
939 3791 1020 3836 ex
1053 3768 1330 3838 dimidia
1361 3785 1551 3864 parte
1582 3771 1818 3865 capitis
1853 3769 2257 3858 sentiuntur,
2295 3787 2366 3842 et
2402 3775 2610 3842 verti-

444 3974 450 3979 .
508 3917 666 4009 gini.
720 3919 1112 4011 Perungunt
1148 3931 1213 3984 et
1248 3915 1472 3984 radice
1525 3917 1665 4010 ejus
1709 3917 1967 3987 sudoris
2017 3942 2215 3986 causa
2256 3916 2611 4009 eliciendi,

509 4062 826 4153 quoniam
872 4050 1160 4131 caustica
1198 4061 1296 4128 vis
1328 4062 1386 4129 ei
1434 4077 1551 4131 est.
