<?xml version="1.0" encoding="UTF-8"?>
<!DOCTYPE html PUBLIC "-//W3C//DTD XHTML 1.0 Transitional//EN"
    "http://www.w3.org/TR/xhtml1/DTD/xhtml1-transitional.dtd">
<html xmlns="http://www.w3.org/1999/xhtml" xml:lang="en" lang="en">
 <head>
  <title>
</title>
<meta http-equiv="Content-Type" content="text/html;charset=utf-8" />
  <meta name='ocr-system' content='tesseract 3.04.00' />
  <meta name='ocr-capabilities' content='ocr_page ocr_carea ocr_par ocr_line ocrx_word'/>
</head>
<body>
  <div class='ocr_page' id='page_1' title='image "./histoirenaturel01grangoog_0044.png"; bbox 0 0 2846 4869; ppageno 0'>
   <div class='ocr_carea' id='block_1_1' title="bbox 463 418 2111 510">
    <p class='ocr_par' dir='ltr' id='par_1_1' title="bbox 463 418 2111 510">
     <span class='ocr_line' id='line_1_1' title="bbox 463 418 2111 510; baseline 0.002 -8"><span class='ocrx_word' id='word_1_1' title='bbox 463 446 535 510; x_wconf 71' lang='lat'><strong>34</strong></span> <span class='ocrx_word' id='word_1_2' title='bbox 897 447 957 503; x_wconf 89' lang='lat' dir='ltr'><strong>c.</strong></span> <span class='ocrx_word' id='word_1_3' title='bbox 1001 450 1233 506; x_wconf 78' lang='lat' dir='ltr'><strong>PLiNn</strong></span> <span class='ocrx_word' id='word_1_4' title='bbox 1274 450 1467 508; x_wconf 82' lang='lat' dir='ltr'><strong>fflsT.</strong></span> <span class='ocrx_word' id='word_1_5' title='bbox 1511 418 1683 507; x_wconf 73' lang='lat' dir='ltr'><strong>NA&#39;r.</strong></span> <span class='ocrx_word' id='word_1_6' title='bbox 1729 452 1867 507; x_wconf 79' lang='lat' dir='ltr'><strong>Lm.</strong></span> <span class='ocrx_word' id='word_1_7' title='bbox 1902 449 2111 507; x_wconf 73' lang='lat' dir='ltr'><strong>xxiv,</strong></span> 
     </span>
    </p>
   </div>
   <div class='ocr_carea' id='block_1_2' title="bbox 408 569 2559 1959">
    <p class='ocr_par' dir='ltr' id='par_1_2' title="bbox 408 569 2559 1959">
     <span class='ocr_line' id='line_1_2' title="bbox 464 569 2559 673; baseline 0.003 -35"><span class='ocrx_word' id='word_1_8' title='bbox 464 595 618 639; x_wconf 88' lang='lat' dir='ltr'><strong>cum</strong></span> <span class='ocrx_word' id='word_1_9' title='bbox 661 569 874 642; x_wconf 88' lang='lat' dir='ltr'><strong>melle.</strong></span> <span class='ocrx_word' id='word_1_10' title='bbox 909 575 1015 644; x_wconf 86' lang='lat' dir='ltr'><strong>Sic</strong></span> <span class='ocrx_word' id='word_1_11' title='bbox 1052 590 1120 643; x_wconf 89' lang='lat' dir='ltr'><strong>et</strong></span> <span class='ocrx_word' id='word_1_12' title='bbox 1155 574 1377 646; x_wconf 87' lang='lat' dir='ltr'><strong>ulcera</strong></span> <span class='ocrx_word' id='word_1_13' title='bbox 1414 590 1693 671; x_wconf 83' lang='lat' dir='ltr'><strong>purgat,</strong></span> <span class='ocrx_word' id='word_1_14' title='bbox 1727 576 1967 673; x_wconf 83' lang='lat' dir='ltr'><strong>explet.</strong></span> <span class='ocrx_word' id='word_1_15' title='bbox 2000 579 2174 646; x_wconf 91' lang='lat' dir='ltr'><strong>Cum</strong></span> <span class='ocrx_word' id='word_1_16' title='bbox 2206 599 2338 645; x_wconf 90' lang='lat' dir='ltr'><strong>uva</strong></span> <span class='ocrx_word' id='word_1_17' title='bbox 2367 598 2559 669; x_wconf 89' lang='lat' dir='ltr'><strong>passa</strong></span> 
     </span>
     <span class='ocr_line' id='line_1_3' title="bbox 463 718 2556 816; baseline 0.002 -33"><span class='ocrx_word' id='word_1_18' title='bbox 463 730 529 783; x_wconf 88' lang='lat' dir='ltr'><strong>et</strong></span> <span class='ocrx_word' id='word_1_19' title='bbox 572 719 893 812; x_wconf 84' lang='lat' dir='ltr'>axungia,</span> <span class='ocrx_word' id='word_1_20' title='bbox 922 718 1361 790; x_wconf 76' lang='lat' dir='ltr'>carbunculos</span> <span class='ocrx_word' id='word_1_21' title='bbox 1392 724 1769 816; x_wconf 66' lang='lat' dir='ltr'><strong>purgat‚‘et</strong></span> <span class='ocrx_word' id='word_1_22' title='bbox 1805 721 2251 816; x_wconf 82' lang='lat' dir='ltr'><strong>putrescentia</strong></span> <span class='ocrx_word' id='word_1_23' title='bbox 2284 720 2507 789; x_wconf 86' lang='lat' dir='ltr'><strong>ulcera</strong></span> <span class='ocrx_word' id='word_1_24' title='bbox 2540 747 2556 787; x_wconf 75' lang='grc' dir='ltr'>ε</span> 
     </span>
     <span class='ocr_line' id='line_1_4' title="bbox 462 842 2547 967; baseline 0.002 -39"><span class='ocrx_word' id='word_1_25' title='bbox 462 885 609 952; x_wconf 88' lang='lat' dir='ltr'><strong>quae</strong></span> <span class='ocrx_word' id='word_1_26' title='bbox 661 864 830 967; x_wconf 80' lang='lat' dir='ltr'><strong>vero&#39;</strong></span> <span class='ocrx_word' id='word_1_27' title='bbox 875 879 1193 958; x_wconf 82' lang='lat' dir='ltr'><strong>serpunt,</strong></span> <span class='ocrx_word' id='word_1_28' title='bbox 1243 890 1396 933; x_wconf 89' lang='lat' dir='ltr'><strong>cum</strong></span> <span class='ocrx_word' id='word_1_29' title='bbox 1454 867 1652 959; x_wconf 89' lang='lat' dir='ltr'><strong>pineo</strong></span> <span class='ocrx_word' id='word_1_30' title='bbox 1704 850 1990 953; x_wconf 82' lang='lat' dir='ltr'><strong>cortice,</strong></span> <span class='ocrx_word' id='word_1_31' title='bbox 2036 880 2154 957; x_wconf 88' lang='lat' dir='ltr'><strong>aut</strong></span> <span class='ocrx_word' id='word_1_32' title='bbox 2199 842 2547 959; x_wconf 85' lang='lat' dir='ltr'><strong>sulphure.</strong></span> 
     </span>
     <span class='ocr_line' id='line_1_5' title="bbox 460 1007 2558 1104; baseline 0.001 -30"><span class='ocrx_word' id='word_1_33' title='bbox 460 1007 822 1078; x_wconf 88' lang='lat' dir='ltr'><strong>Phthisicis</strong></span> <span class='ocrx_word' id='word_1_34' title='bbox 869 1010 1089 1104; x_wconf 86' lang='lat' dir='ltr'><strong>cyathi</strong></span> <span class='ocrx_word' id='word_1_35' title='bbox 1128 1035 1444 1080; x_wconf 83' lang='lat' dir='ltr'><strong>mensura</strong></span> <span class='ocrx_word' id='word_1_36' title='bbox 1494 1008 1767 1104; x_wconf 84' lang='lat' dir='ltr'><strong>quidam</strong></span> <span class='ocrx_word' id='word_1_37' title='bbox 1809 1008 2179 1099; x_wconf 90' lang='lat' dir='ltr'><strong>dederunt,</strong></span> <span class='ocrx_word' id='word_1_38' title='bbox 2218 1024 2294 1078; x_wconf 23' lang='lat' dir='ltr'><strong>et.</strong></span> <span class='ocrx_word' id='word_1_39' title='bbox 2323 1023 2558 1078; x_wconf 88' lang='lat' dir='ltr'><strong>contra</strong></span> 
     </span>
     <span class='ocr_line' id='line_1_6' title="bbox 460 1154 2557 1250; baseline 0.002 -31"><span class='ocrx_word' id='word_1_40' title='bbox 460 1166 748 1221; x_wconf 87' lang='lat' dir='ltr'><strong>veterem</strong></span> <span class='ocrx_word' id='word_1_41' title='bbox 795 1155 1051 1223; x_wconf 87' lang='lat' dir='ltr'><strong>tussim.</strong></span> <span class='ocrx_word' id='word_1_42' title='bbox 1104 1155 1462 1250; x_wconf 82' lang='lat' dir='ltr'><strong>Rhagadas</strong></span> <span class='ocrx_word' id='word_1_43' title='bbox 1508 1155 1678 1224; x_wconf 83' lang='lat' dir='ltr'><strong>sedis</strong></span> <span class='ocrx_word' id='word_1_44' title='bbox 1726 1168 1793 1224; x_wconf 90' lang='lat' dir='ltr'><strong>et</strong></span> <span class='ocrx_word' id='word_1_45' title='bbox 1833 1154 2122 1249; x_wconf 84' lang='lat' dir='ltr'><strong>pedum,</strong></span> <span class='ocrx_word' id='word_1_46' title='bbox 2168 1179 2557 1248; x_wconf 84' lang='lat' dir='ltr'><strong>panosque,</strong></span> 
     </span>
     <span class='ocr_line' id='line_1_7' title="bbox 462 1295 2554 1392; baseline 0.001 -29"><span class='ocrx_word' id='word_1_47' title='bbox 462 1311 529 1364; x_wconf 88' lang='lat' dir='ltr'><strong>et</strong></span> <span class='ocrx_word' id='word_1_48' title='bbox 571 1321 832 1392; x_wconf 85' lang='lat' dir='ltr'><strong>ungues</strong></span> <span class='ocrx_word' id='word_1_49' title='bbox 878 1297 1151 1367; x_wconf 88' lang='lat' dir='ltr'><strong>scabros</strong></span> <span class='ocrx_word' id='word_1_50' title='bbox 1192 1297 1507 1366; x_wconf 89' lang='lat' dir='ltr'><strong>emendat</strong></span> <span class='ocrx_word' id='word_1_51' title='bbox 1540 1323 1555 1365; x_wconf 73' lang='grc' dir='ltr'><strong><em>ε</em></strong></span> <span class='ocrx_word' id='word_1_52' title='bbox 1592 1295 1805 1367; x_wconf 85' lang='lat' dir='ltr'><strong>vulvae</strong></span> <span class='ocrx_word' id='word_1_53' title='bbox 1851 1297 2131 1367; x_wconf 84' lang='lat' dir='ltr'><strong>duritias</strong></span> <span class='ocrx_word' id='word_1_54' title='bbox 2169 1313 2235 1367; x_wconf 88' lang='lat' dir='ltr'><strong>et</strong></span> <span class='ocrx_word' id='word_1_55' title='bbox 2274 1322 2554 1366; x_wconf 77' lang='lat' dir='ltr'><strong>conver-</strong></span> 
     </span>
     <span class='ocr_line' id='line_1_8' title="bbox 463 1440 2554 1536; baseline 0.001 -28"><span class='ocrx_word' id='word_1_56' title='bbox 463 1441 677 1510; x_wconf 90' lang='lat' dir='ltr'><strong>siones</strong></span> <span class='ocrx_word' id='word_1_57' title='bbox 723 1440 929 1510; x_wconf 90' lang='lat' dir='ltr'><strong>odore</strong></span> <span class='ocrx_word' id='word_1_58' title='bbox 971 1469 986 1509; x_wconf 92' lang='lat'>:</span> <span class='ocrx_word' id='word_1_59' title='bbox 1032 1442 1186 1510; x_wconf 88' lang='lat' dir='ltr'><strong>item</strong></span> <span class='ocrx_word' id='word_1_60' title='bbox 1235 1440 1654 1536; x_wconf 82' lang='lat' dir='ltr'><strong>lethargicos.</strong></span> <span class='ocrx_word' id='word_1_61' title='bbox 1698 1442 1995 1511; x_wconf 89' lang='lat' dir='ltr'><strong>Strumas</strong></span> <span class='ocrx_word' id='word_1_62' title='bbox 2044 1443 2206 1510; x_wconf 87' lang='lat' dir='ltr'><strong>item</strong></span> <span class='ocrx_word' id='word_1_63' title='bbox 2248 1467 2402 1512; x_wconf 91' lang='lat' dir='ltr'><strong>cum</strong></span> <span class='ocrx_word' id='word_1_64' title='bbox 2451 1442 2554 1510; x_wconf 89' lang='lat' dir='ltr'><strong>fa-</strong></span> 
     </span>
     <span class='ocr_line' id='line_1_9' title="bbox 463 1584 2555 1681; baseline 0 -27"><span class='ocrx_word' id='word_1_65' title='bbox 463 1587 610 1654; x_wconf 90' lang='lat' dir='ltr'><strong>rina</strong></span> <span class='ocrx_word' id='word_1_66' title='bbox 650 1584 1048 1673; x_wconf 80' lang='lat' dir='ltr'><strong>hordeacea,</strong></span> <span class='ocrx_word' id='word_1_67' title='bbox 1083 1601 1145 1655; x_wconf 89' lang='lat' dir='ltr'><strong>et</strong></span> <span class='ocrx_word' id='word_1_68' title='bbox 1186 1589 1376 1681; x_wconf 88' lang='lat' dir='ltr'><strong>pueri</strong></span> <span class='ocrx_word' id='word_1_69' title='bbox 1411 1587 1702 1680; x_wconf 89' lang='lat' dir='ltr'><strong>impubis</strong></span> <span class='ocrx_word' id='word_1_70' title='bbox 1742 1587 1933 1656; x_wconf 86' lang='lat' dir='ltr'><strong>urina</strong></span> <span class='ocrx_word' id='word_1_71' title='bbox 1971 1586 2243 1657; x_wconf 86' lang='lat' dir='ltr'><strong>decocta</strong></span> <span class='ocrx_word' id='word_1_72' title='bbox 2278 1587 2365 1655; x_wconf 84' lang='lat' dir='ltr'><strong>ad</strong></span> <span class='ocrx_word' id='word_1_73' title='bbox 2396 1612 2555 1681; x_wconf 92' lang='lat' dir='ltr'><strong>sup-</strong></span> 
     </span>
     <span class='ocr_line' id='line_1_10' title="bbox 408 1724 2551 1825; baseline 0.001 -29"><span class='ocrx_word' id='word_1_74' title='bbox 408 1812 412 1816; x_wconf 15' lang='lat'>*</span> <span class='ocrx_word' id='word_1_75' title='bbox 462 1731 884 1821; x_wconf 77' lang='lat' dir='ltr'><strong>put-ationem</strong></span> <span class='ocrx_word' id='word_1_76' title='bbox 919 1729 1242 1822; x_wconf 84' lang='lat' dir='ltr'><strong>perducit.</strong></span> <span class='ocrx_word' id='word_1_77' title='bbox 1269 1734 1353 1799; x_wconf 93' lang='lat' dir='ltr'><strong>Et</strong></span> <span class='ocrx_word' id='word_1_78' title='bbox 1383 1729 1468 1798; x_wconf 93' lang='lat' dir='ltr'><strong>ad</strong></span> <span class='ocrx_word' id='word_1_79' title='bbox 1497 1728 1828 1823; x_wconf 87' lang='lat' dir='ltr'><strong>alopecias</strong></span> <span class='ocrx_word' id='word_1_80' title='bbox 1859 1724 2031 1799; x_wconf 85' lang='lat' dir='ltr'><strong>sicca</strong></span> <span class='ocrx_word' id='word_1_81' title='bbox 2063 1734 2208 1825; x_wconf 89' lang='lat' dir='ltr'><strong>pice</strong></span> <span class='ocrx_word' id='word_1_82' title='bbox 2245 1744 2551 1799; x_wconf 87' lang='lat' dir='ltr'><strong>utuntur.</strong></span> 
     </span>
     <span class='ocr_line' id='line_1_11' title="bbox 463 1873 2555 1959; baseline -0 -15"><span class='ocrx_word' id='word_1_83' title='bbox 463 1873 565 1944; x_wconf 91' lang='lat' dir='ltr'><strong>Ad</strong></span> <span class='ocrx_word' id='word_1_84' title='bbox 619 1874 975 1944; x_wconf 88' lang='lat' dir='ltr'><strong>mulierum</strong></span> <span class='ocrx_word' id='word_1_85' title='bbox 1032 1900 1353 1944; x_wconf 88' lang='lat' dir='ltr'><strong>mammas</strong></span> <span class='ocrx_word' id='word_1_86' title='bbox 1400 1876 1621 1943; x_wconf 86' lang='lat' dir='ltr'><strong>brutia</strong></span> <span class='ocrx_word' id='word_1_87' title='bbox 1655 1928 1673 1959; x_wconf 87' lang='lat'>‚</span> <span class='ocrx_word' id='word_1_88' title='bbox 1730 1900 1811 1943; x_wconf 90' lang='lat' dir='ltr'><strong>ex</strong></span> <span class='ocrx_word' id='word_1_89' title='bbox 1867 1876 2025 1943; x_wconf 88' lang='lat' dir='ltr'><strong>vino</strong></span> <span class='ocrx_word' id='word_1_90' title='bbox 2078 1875 2555 1944; x_wconf 86' lang='lat' dir='ltr'><strong>subfervefacta</strong></span> 
     </span>
    </p>
   </div>
   <div class='ocr_carea' id='block_1_3' title="bbox 386 2016 2374 2113">
    <p class='ocr_par' dir='ltr' id='par_1_3' title="bbox 386 2016 2374 2113">
     <span class='ocr_line' id='line_1_12' title="bbox 386 2016 2374 2113; baseline 0.001 -26"><span class='ocrx_word' id='word_1_91' title='bbox 386 2016 392 2026; x_wconf 77' lang='grc'><strong><em>’</em></strong></span> <span class='ocrx_word' id='word_1_92' title='bbox 463 2045 615 2087; x_wconf 87' lang='lat' dir='ltr'><strong>cum</strong></span> <span class='ocrx_word' id='word_1_93' title='bbox 657 2017 909 2113; x_wconf 88' lang='lat' dir='ltr'><strong>polline</strong></span> <span class='ocrx_word' id='word_1_94' title='bbox 949 2018 1286 2108; x_wconf 86' lang='lat' dir='ltr'><strong>farraceo,</strong></span> <span class='ocrx_word' id='word_1_95' title='bbox 1327 2041 1528 2112; x_wconf 89' lang='lat' dir='ltr'><strong>quam</strong></span> <span class='ocrx_word' id='word_1_96' title='bbox 1573 2018 1989 2090; x_wconf 90' lang='lat' dir='ltr'><strong>calidissimis</strong></span> <span class='ocrx_word' id='word_1_97' title='bbox 2027 2020 2374 2113; x_wconf 81' lang='lat' dir='ltr'><strong>impositis,</strong></span> 
     </span>
    </p>
   </div>
   <div class='ocr_carea' id='block_1_4' title="bbox 1002 2646 2004 2720">
    <p class='ocr_par' dir='ltr' id='par_1_4' title="bbox 1002 2646 2004 2720">
     <span class='ocr_line' id='line_1_13' title="bbox 1002 2646 2004 2720; baseline -0.003 -17"><span class='ocrx_word' id='word_1_98' title='bbox 1002 2647 1260 2703; x_wconf 81' lang='lat' dir='ltr'><strong>Pisselaeo</strong></span> <span class='ocrx_word' id='word_1_99' title='bbox 1280 2688 1294 2717; x_wconf 91' lang='lat'>,</span> <span class='ocrx_word' id='word_1_100' title='bbox 1334 2647 1452 2702; x_wconf 85' lang='lat' dir='ltr'><strong>sive</strong></span> <span class='ocrx_word' id='word_1_101' title='bbox 1488 2646 1811 2720; x_wconf 87' lang='lat' dir='ltr'><strong>palimpissa</strong></span> <span class='ocrx_word' id='word_1_102' title='bbox 1831 2687 1845 2716; x_wconf 91' lang='lat'>,</span> <span class='ocrx_word' id='word_1_103' title='bbox 1883 2665 2004 2700; x_wconf 75' lang='lat' dir='ltr'><strong>xV1.</strong></span> 
     </span>
    </p>
   </div>
   <div class='ocr_carea' id='block_1_5' title="bbox 467 2848 2556 3960">
    <p class='ocr_par' dir='ltr' id='par_1_5' title="bbox 467 2848 2556 3960">
     <span class='ocr_line' id='line_1_14' title="bbox 564 2848 2554 2953; baseline -0.002 -28"><span class='ocrx_word' id='word_1_104' title='bbox 564 2858 813 2926; x_wconf 89' lang='lat' dir='ltr'><strong>XXIV.</strong></span> <span class='ocrx_word' id='word_1_105' title='bbox 842 2857 1130 2950; x_wconf 88' lang='lat' dir='ltr'><strong>Liquida</strong></span> <span class='ocrx_word' id='word_1_106' title='bbox 1154 2859 1299 2951; x_wconf 87' lang='lat' dir='ltr'><strong>pix,</strong></span> <span class='ocrx_word' id='word_1_107' title='bbox 1322 2856 1677 2953; x_wconf 81' lang='lat' dir='ltr'><strong>oleumque</strong></span> <span class='ocrx_word' id='word_1_108' title='bbox 1703 2848 1885 2949; x_wconf 90' lang='lat' dir='ltr'><strong>quod</strong></span> <span class='ocrx_word' id='word_1_109' title='bbox 1910 2852 2253 2949; x_wconf 84' lang='lat' dir='ltr'><strong>pisselaeon</strong></span> <span class='ocrx_word' id='word_1_110' title='bbox 2278 2869 2554 2939; x_wconf 85' lang='lat' dir='ltr'><strong>vocant,</strong></span> 
     </span>
     <span class='ocr_line' id='line_1_15' title="bbox 467 2967 2555 3092; baseline -0.002 -24"><span class='ocrx_word' id='word_1_111' title='bbox 467 2998 1030 3092; x_wconf 82' lang='lat' dir='ltr'><strong>quemadmodum</strong></span> <span class='ocrx_word' id='word_1_112' title='bbox 1080 2998 1304 3086; x_wconf 85' lang='lat' dir='ltr'><strong>fieret,</strong></span> <span class='ocrx_word' id='word_1_113' title='bbox 1356 2971 1666 3067; x_wconf 82' lang='lat' dir='ltr'><strong>diximus.</strong></span> <span class='ocrx_word' id='word_1_114' title='bbox 1710 2996 2007 3086; x_wconf 87' lang='lat' dir='ltr'><strong>Quidam</strong></span> <span class='ocrx_word' id='word_1_115' title='bbox 2045 2967 2301 3066; x_wconf 29' lang='lat' dir='ltr'><strong>&#39;iterum</strong></span> <span class='ocrx_word' id='word_1_116' title='bbox 2353 2996 2555 3064; x_wconf 89' lang='lat' dir='ltr'><strong>deco-</strong></span> 
     </span>
     <span class='ocr_line' id='line_1_16' title="bbox 468 3142 2555 3245; baseline -0.003 -31"><span class='ocrx_word' id='word_1_117' title='bbox 468 3155 723 3245; x_wconf 72' lang='lat' dir='ltr'><strong>quunt,</strong></span> <span class='ocrx_word' id='word_1_118' title='bbox 776 3160 843 3214; x_wconf 90' lang='lat' dir='ltr'><strong>et</strong></span> <span class='ocrx_word' id='word_1_119' title='bbox 887 3159 1131 3214; x_wconf 88' lang='lat' dir='ltr'><strong>vocant</strong></span> <span class='ocrx_word' id='word_1_120' title='bbox 1171 3142 1641 3239; x_wconf 88' lang='lat' dir='ltr'><strong>palimpissam.</strong></span> <span class='ocrx_word' id='word_1_121' title='bbox 1683 3142 1971 3236; x_wconf 84' lang='lat' dir='ltr'><strong>Liquida</strong></span> <span class='ocrx_word' id='word_1_122' title='bbox 2007 3145 2265 3237; x_wconf 84' lang='lat' dir='ltr'><strong>anginae</strong></span> <span class='ocrx_word' id='word_1_123' title='bbox 2306 3166 2555 3236; x_wconf 88' lang='lat' dir='ltr'><strong>perun-</strong></span> 
     </span>
     <span class='ocr_line' id='line_1_17' title="bbox 469 3285 2552 3383; baseline -0.002 -26"><span class='ocrx_word' id='word_1_124' title='bbox 469 3301 722 3383; x_wconf 83' lang='lat' dir='ltr'><strong>guntur</strong></span> <span class='ocrx_word' id='word_1_125' title='bbox 770 3291 985 3378; x_wconf 80' lang='lat' dir='ltr'><strong>intuS‚</strong></span> <span class='ocrx_word' id='word_1_126' title='bbox 1038 3304 1105 3376; x_wconf 83' lang='lat' dir='ltr'><strong>et</strong></span> <span class='ocrx_word' id='word_1_127' title='bbox 1154 3312 1303 3357; x_wconf 89' lang='lat' dir='ltr'><strong>uva.</strong></span> <span class='ocrx_word' id='word_1_128' title='bbox 1359 3286 1466 3357; x_wconf 86' lang='lat' dir='ltr'><strong>Ad</strong></span> <span class='ocrx_word' id='word_1_129' title='bbox 1518 3288 1780 3357; x_wconf 86' lang='lat' dir='ltr'><strong>aurium</strong></span> <span class='ocrx_word' id='word_1_130' title='bbox 1836 3285 2134 3374; x_wconf 80' lang='lat' dir='ltr'><strong>doloreS‚</strong></span> <span class='ocrx_word' id='word_1_131' title='bbox 2181 3286 2552 3356; x_wconf 87' lang='lat' dir='ltr'><strong>claritatem</strong></span> 
     </span>
     <span class='ocr_line' id='line_1_18' title="bbox 470 3421 2551 3525; baseline 0 -24"><span class='ocrx_word' id='word_1_132' title='bbox 470 3432 821 3502; x_wconf 89' lang='lat' dir='ltr'><strong>oculorum</strong></span> <span class='ocrx_word' id='word_1_133' title='bbox 850 3486 869 3522; x_wconf 91' lang='lat'>‚</span> <span class='ocrx_word' id='word_1_134' title='bbox 926 3435 1060 3503; x_wconf 85' lang='lat' dir='ltr'><strong>oris</strong></span> <span class='ocrx_word' id='word_1_135' title='bbox 1126 3421 1648 3503; x_wconf 81' lang='lat' dir='ltr'><strong>circumlitiones</strong></span> <span class='ocrx_word' id='word_1_136' title='bbox 1677 3486 1695 3517; x_wconf 87' lang='lat'>‚</span> <span class='ocrx_word' id='word_1_137' title='bbox 1756 3433 2150 3525; x_wconf 88' lang='lat' dir='ltr'><strong>suspiriosos</strong></span> <span class='ocrx_word' id='word_1_138' title='bbox 2186 3484 2204 3521; x_wconf 87' lang='lat'>,</span> <span class='ocrx_word' id='word_1_139' title='bbox 2264 3431 2497 3502; x_wconf 88' lang='lat' dir='ltr'><strong>vulvas</strong></span> <span class='ocrx_word' id='word_1_140' title='bbox 2532 3487 2551 3521; x_wconf 91' lang='lat'>,</span> 
     </span>
     <span class='ocr_line' id='line_1_19' title="bbox 469 3561 2553 3674; baseline 0.001 -29"><span class='ocrx_word' id='word_1_141' title='bbox 469 3577 701 3647; x_wconf 88' lang='lat' dir='ltr'><strong>tussim</strong></span> <span class='ocrx_word' id='word_1_142' title='bbox 741 3593 1027 3647; x_wconf 88' lang='lat' dir='ltr'><strong>veterem</strong></span> <span class='ocrx_word' id='word_1_143' title='bbox 1050 3630 1069 3664; x_wconf 82' lang='lat'><strong>‚</strong></span> <span class='ocrx_word' id='word_1_144' title='bbox 1105 3593 1172 3647; x_wconf 87' lang='lat' dir='ltr'><strong>et</strong></span> <span class='ocrx_word' id='word_1_145' title='bbox 1209 3579 1475 3648; x_wconf 89' lang='lat' dir='ltr'><strong>crebras</strong></span> <span class='ocrx_word' id='word_1_146' title='bbox 1512 3579 1993 3648; x_wconf 83' lang='lat' dir='ltr'><strong>exscreationes</strong></span> <span class='ocrx_word' id='word_1_147' title='bbox 2032 3561 2320 3672; x_wconf 82' lang='lat' dir='ltr'><strong>pectoris</strong></span> <span class='ocrx_word' id='word_1_148' title='bbox 2344 3632 2363 3664; x_wconf 92' lang='lat'>‚</span> <span class='ocrx_word' id='word_1_149' title='bbox 2399 3605 2553 3674; x_wconf 91' lang='lat' dir='ltr'><strong>spa-</strong></span> 
     </span>
     <span class='ocr_line' id='line_1_20' title="bbox 469 3693 2556 3818; baseline 0 -25"><span class='ocrx_word' id='word_1_150' title='bbox 469 3693 645 3793; x_wconf 81' lang='lat' dir='ltr'><strong>smos</strong></span> <span class='ocrx_word' id='word_1_151' title='bbox 678 3775 696 3808; x_wconf 90' lang='lat'>‚</span> <span class='ocrx_word' id='word_1_152' title='bbox 763 3738 1084 3791; x_wconf 86' lang='lat' dir='ltr'><strong>tremores</strong></span> <span class='ocrx_word' id='word_1_153' title='bbox 1115 3774 1134 3810; x_wconf 88' lang='lat'>‚</span> <span class='ocrx_word' id='word_1_154' title='bbox 1186 3723 1648 3817; x_wconf 88' lang='lat' dir='ltr'><strong>opisthotonos</strong></span> <span class='ocrx_word' id='word_1_155' title='bbox 1677 3776 1696 3812; x_wconf 91' lang='lat'>‚</span> <span class='ocrx_word' id='word_1_156' title='bbox 1761 3721 2090 3818; x_wconf 90' lang='lat' dir='ltr'><strong>paralyses</strong></span> <span class='ocrx_word' id='word_1_157' title='bbox 2115 3776 2135 3813; x_wconf 90' lang='lat'>,</span> <span class='ocrx_word' id='word_1_158' title='bbox 2198 3693 2556 3793; x_wconf 82' lang='lat' dir='ltr'><strong>nervorum</strong></span> 
     </span>
     <span class='ocr_line' id='line_1_21' title="bbox 473 3866 2551 3960; baseline 0 -23"><span class='ocrx_word' id='word_1_159' title='bbox 473 3867 758 3938; x_wconf 88' lang='lat' dir='ltr'><strong>dolores.</strong></span> <span class='ocrx_word' id='word_1_160' title='bbox 822 3868 1447 3948; x_wconf 73' lang='lat' dir='ltr'><strong>Praestantissimum</strong></span> <span class='ocrx_word' id='word_1_161' title='bbox 1515 3866 1598 3937; x_wconf 89' lang='lat' dir='ltr'><strong>ad</strong></span> <span class='ocrx_word' id='word_1_162' title='bbox 1665 3892 1904 3937; x_wconf 90' lang='lat' dir='ltr'><strong>canum</strong></span> <span class='ocrx_word' id='word_1_163' title='bbox 1971 3883 2037 3936; x_wconf 90' lang='lat' dir='ltr'><strong>et</strong></span> <span class='ocrx_word' id='word_1_164' title='bbox 2090 3868 2551 3960; x_wconf 84' lang='lat' dir='ltr'><strong>jumentorum</strong></span> 
     </span>
    </p>
   </div>
   <div class='ocr_carea' id='block_1_6' title="bbox 469 4014 772 4092">
    <p class='ocr_par' dir='ltr' id='par_1_6' title="bbox 469 4014 772 4092">
     <span class='ocr_line' id='line_1_22' title="bbox 469 4014 772 4092; baseline 0 -12"><span class='ocrx_word' id='word_1_165' title='bbox 469 4014 772 4092; x_wconf 86' lang='lat' dir='ltr'><strong>scabiem.</strong></span> 
     </span>
    </p>
   </div>
  </div>
 </body>
</html>
