2846 4869
506 377 614 418 122
947 362 1012 417 C.
1051 361 1289 417 PLINII
1329 361 1524 420 HIST.
1550 362 1741 429 NAT.
1783 362 1925 418 LIB-
1956 362 2172 419 XXIV.

508 488 745 558 florem
782 489 1132 562 rubentem
1151 543 1170 578 ,
1207 490 1500 560 radicem
1532 487 1842 584 exiguam
1880 503 1946 560 et
1980 488 2315 584 gracilem.
2352 492 2584 564 Nasci·

510 648 622 704 tur
658 637 829 705 circa
868 634 1105 705 fontes.
1147 637 1404 706 Siccata
1443 638 1513 705 in
1559 636 1798 705 farinae·
1827 635 2103 706 modum
2125 688 2143 723 ,
2186 650 2254 705 et
2292 637 2585 730 inspersa

508 780 663 848 vino
714 776 908 866 albo,
952 781 1364 875 strangurias
1407 780 1573 849 finit.
1611 779 1856 857 Alvum
1900 781 2110 850 sistit.'
2144 782 2403 852 Succus„
2447 780 2590 875 ejus

506 926 848 1018 perunctis
885 952 1041 998 cum
1083 923 1232 995 oleo
1269 924 1545 997 sudores
1583 940 1829 998 movet.

895 1228 981 1283 De
1007 1226 1239 1302 magicis
1267 1227 1478 1286 herbis.
1510 1226 1809 1284 Coracesia
1823 1269 1841 1297 ‚
1878 1238 1933 1283 et
1964 1225 2203 1291 callieia.

603 1422 846 1489 XCIX.
900 1444 1003 1515 17.
1060 1423 1140 1488 In
1189 1423 1522 1513 promisso
1568 1419 1934 1492 herbarum
1978 1418 2428 1507 mirabilium,
2480 1446 2595 1490 oe-

468 1541 473 1544 .
508 1556 720 1631 currit
767 1562 992 1658 aliqua
1028 1563 1247 1638 dicere
1288 1581 1354 1634 et
1406 1566 1490 1635 de
1527 1567 1836 1661 magicis,
1865 1569 2037 1656 Quae
2085 1565 2262 1633 enim
2317 1565 2595 1633 mirabi-

506 1705 705 1777 liores
756 1709 959 1780 sunt?
997 1710 1202 1780 Primi
1249 1732 1360 1778 eas
1404 1711 1475 1780 in
1521 1724 1751 1778 nostro
1794 1708 1955 1777 orbe
2001 1706 2426 1782 celebravere·
2468 1712 2596 1803 Py-

508 1853 819 1949 thagoras
851 1870 1050 1949 atque
1083 1857 1541 1934 Democritus,
1570 1855 1933 1923 consectati
1964 1877 2211 1947 magos.
2241 1855 2600 1923 Coracesia

508 2016 574 2069 et
624 2000 882 2070 callicia
928 2002 1339 2106 Pythagoras
1391 2026 1635 2094 aquam
1688 1998 1958 2095 glaciari
2006 1999 2211 2068 tradit
2248 2025 2263 2067 ε
2309 1987 2598 2093 quarum

505 2146 909 2214 mentionem
948 2144 1127 2239 apud
1170 2143 1333 2215 alios
1372 2171 1508 2215 non
1550 2147 1850 2240 reperio,
1886 2169 2010 2214 nec
2049 2144 2231 2237 apud
2267 2170 2424 2213 eum
2464 2142 2599 2213 alia

504 2286 586 2355 de
618 2276 745 2356 his.'

1094 2576 1365 2653 Minyade
1384 2618 1401 2645 ‚
1448 2577 1566 2635 sive
1609 2577 1922 2652 corysidia,
1961 2597 2000 2633 1.

597 2754 673 2821 C.
714 2751 901 2820 Idem
943 2750 1254 2847 minyada
1295 2752 1586 2847 appellat
1610 2806 1627 2837 ‚
1670 2754 1941 2821 nomine
1982 2749 2114 2821 alio
2149 2734 2550 2847 corysidiam
2575 2809 2591 2841 ‚

501 2898 690 2992 cujus
730 2899 1003 2968 decocto
1046 2901 1115 2967 in
1150 2925 1325 2992 ⁴aqua
1358 2925 1558 2970 succo
1581 2952 1599 2986 ‚
1640 2901 1945 2993 protinus
1986 2870 2203 2968 sanari
2241 2901 2416 2970 ictus
2454 2926 2592 2970 ser·

503 3045 805 3137 pentium
827 3096 846 3127 ‚
883 3044 938 3112 si
968 3042 1341 3125 foveantur,
1378 3043 1557 3112 dicit.
1588 3043 1918 3111 Eumdem
1952 3041 2241 3115 effusum
2278 3044 2347 3111 in
2386 3044 2590 3117 herba

503 3190 617 3281 qui
653 3190 934 3284 vestigio
975 3191 1415 3283 contigerint,
1455 3203 1578 3257 aut
1618 3187 1791 3258 forte
1826 3191 2111 3282 respersi
2148 3186 2440 3277 fuerint,
2487 3191 2588 3258 in·-

501 3334 779 3403 sanabili
817 3334 952 3405 leto
991 3336 1241 3430 perire,
1278 3334 1690 3404 monstrifica
1722 3357 1993 3438 prorsus
2027 3349 2265 3403 natum
2305 3336 2588 3418 veneni,

498 3477 939 3579 praeterquam
982 3497 1211 3553 contra
1249 3505 1525 3551 venena.

1361 3681 1616 3757 Aproxi,
1643 3701 1723 3736 vx.

595 3865 703 3932 CI.
750 3862 852 3931 Ab
891 3813 1122 3929 eodem
1172 3859 1552 3952 Pythagora
1594 3859 1860 3955 aproxis
1912 3856 2289 3953 appellatur
2335 3860 2543 3929 herba
2566 3912 2584 3943 ,

500 4006 690 4098 cujus
729 4006 915 4076 radix
963 4030 997 4072 e
1042 4002 1406 4099 longinquo
1458 4001 1790 4096 concipiat
1840 4003 2068 4100 ignes,
2120 4020 2194 4074 ut
2243 4007 2581 4100 naphtha,
