2846 4869
435 351 565 411 328⁹
666 393 697 416 x.
893 350 957 408 C.
998 351 1232 410 PLINII
1272 349 1467 407 HIST.
1509 349 1678 407 ΝΑΤ.
1719 348 1860 405 LIB.
1885 347 2069 405 XXV.

435 479 702 549 seminis
747 505 762 549 ε
808 503 890 548 ex
948 479 1193 548 cretico
1215 528 1234 565 ‚
1283 476 1525 547 radicis
1569 491 1668 547 est
1716 502 1734 545 ε
1788 478 2000 572 magis
2058 474 2145 545 ad
2184 488 2521 569 serpentes
2598 465 2602 470 ⁹

435 624 691 693 bibitur·
734 646 772 692 e
818 623 976 693 vino
1025 620 1340 692 drachma
1379 644 1535 691 una.
1585 622 1805 691 Datur
1854 635 1921 689 et
1970 617 2521 714 quadrupedibus

435 767 777 862 percussis.

1215 1156 1600 1214 Theriomrca
1614 1197 1631 1225 ‚
1666 1176 1737 1216 ιι.

537 1329 744 1402 LXV.
794 1330 1249 1418 Therionarca
1291 1330 1421 1402 alia
1464 1358 1665 1428 quam
1717 1332 1979 1428 magica
1998 1384 2019 1422 ,
2068 1346 2136 1401 et
2182 1332 2251 1400 in
2287 1345 2522 1401 nostro

436 1473 600 1544 orbe
633 1475 931 1545 nascitur
963 1472 1315 1566 famenna,
1346 1475 1523 1546 foliis
1561 1475 2048 1566 subviridibus,
2085 1476 2249 1547 flore
2279 1500 2516 1545 roseae

436 1631 773 1713 serpentes
811 1629 1040 1689 necat:
1074 1621 1470 1715 cuicumque
1497 1620 1765 1690 admota
1798 1619 1985 1709 ferae,
2015 1629 2087 1689 et
2118 1621 2260 1689 haec
2289 1631 2530 1716 torpo-

433 1790 575 1835 rem
609 1763 843 1838 adfert.

1020 1970 1305 2027 Persolata
1319 2011 1336 2042 ,
1372 1969 1491 2028 sive
1522 1970 1715 2028 arcion
1729 2012 1747 2042 ‚
1788 1985 1923 2027 ΠΗ.

538 2177 783 2250 LXVI.
831 2177 1172 2249 Persolata
1188 2231 1210 2270 ,
1251 2203 1453 2273 quam
1490 2199 1689 2250 neme
1732 2182 2038 2276 ignorat,
2072 2179 2309 2250 Graeci
2356 2197 2511 2248 vero

437 2324 666 2393 arcion
713 2338 955 2393 vocant
975 2374 995 2409 ,
1035 2317 1194 2394 fdlia
1246 2325 1451 2394 habet
1492 2323 1756 2421 majora
1804 2325 2004 2396 etiam
2046 2323 2413 2395 cucurbitis
2458 2339 2523 2394 et

435 2466 798 2538 hirsutiora
817 2521 837 2558 ,
871 2446 1322 2569 *nigrioraque
1358 2485 1425 2539 et
1458 2471 1780 2541 crassiora
1800 2523 1819 2560 ‚
1858 2470 2148 2541 radicem
2194 2469 2416 2540 albam
2460 2486 2523 2541 et

438 2612 782 2709 grandem.
817 2617 976 2684 Haec
1016 2639 1102 2684 ex.
1137 2616 1296 2684 vino
1331 2615 1587 2685 bibitur
1623 2614 2052 2685 denariorum
2096 2613 2309 2685 duum
2353 2640 2518 2709 pou-

430 2757 691 2829 dem,

927 2932 1307 3008 cyclaminos»,
1342 2953 1463 3008 quae
1489 2933 1653 2990 tuber
1689 2944 1851 2991 terrae
1866 2977 1883 3004 ,
1913 2954 2019 2990 xn.

531 3138 809 3213 LXVII.
834 3143 1013 3213 Item*
1039 3138 1390 3237 cyclamini
1416 3142 1605 3212 radix
1637 3158 1873 3213 contra
1903 3157 2236 3238 serpentes
2268 3168 2516 3213 omnes.

433 3282 620 3354 Folia
668 3287 870 3356 habet
923 3289 1228 3378 minora,
1277 3312 1486 3382 quam
1531 3289 1770 3376 edera,
1823 3289 2254 3385 nigrioraque
2307 3305 2378 3358 et
2426 3304 2522 3358 te-

434 3428 708 3523 nuiora²
744 3430 885 3498 sine
918 3430 1178 3527 angulis
1218 3458 1239 3501 τ
1269 3433 1339 3501 in
1373 3433 1617 3526 quibus
1643 3431 1943 3502 albicant
1975 3432 2270 3502 maculae.
2309 3431 2521 3502 Caule

432 3574 706 3670 exigue,
735 3572 950 3661 inani,
980 3575 1255 3646 floribus
1287 3577 1676 3672 purpureis,
1708 3572 1927 3645 radice
1955 3574 2128 3664 lata,
2162 3589 2239 3644 ut
2276 3600 2517 3671 rapum
2583 3568 2595 3582 ’

433 3716 646 3789 videri
695 3720 946 3815 possit,
989 3722 1235 3825 cortice
1292 3723 1508 3817 nigro.
1560 3709 1879 3793 Nascitur
1930 3721 2001 3788 in
2053 3716 2384 3789 umbrosis
2423 3745 2440 3786 t
2476 3743 2513 3785 a

433 3865 679 3947 nostris
714 3865 919 3939 tuber
972 3879 1164 3934 terrae
1211 3881 1545 3936 vocatur:
1599 3867 1670 3935 in
1710 3864 2018 3935 omnibus
2065 3845 2347 3934 serenda
2387 3862 2505 3930 do-

433 4013 708 4103 mibuS,'
741 4016 799 4083 si
842 4036 1077 4085 verum
1121 4027 1259 4102 est,
1312 4014 1427 4083 ubi
1482 4027 1624 4083 sata
1665 4015 1785 4104 sit,
1837 4010 2004 4083 nihil
2059 4035 2297 4082 nocere
2343 4006 2502 4081 mala

1155 4362 1193 4401 Q
