2846 4869
538 417 612 485 46
949 419 1012 474 C.
1054 417 1523 474 PL1N11·H18T.
1570 418 1747 473 NAT.
1789 417 1927 473 LIB.
1963 418 2180 475 XXIV.

539 542 687 614 oleo
711 558 778 614 et
804 543 936 614 sale
965 544 1279 634 eduntur,
1305 545 1389 612 ad
1417 519 1731 645 pituitam
1757 543 2091 638 bilemque
2120 542 2617 614 detrahendam.

541 689 648 758 Ad
689 690 911 757 omnia
961 688 1330 775 efficacior,
1352 711 1519 782 'quae
1570 690 1809 757 minor.
1860 688 2127 761 Radicis
2177 690 2321 782 ejus
2353 691 2428 764 in
2464 691 2624 758 vino

540 831 828 902 decoctae
859 832 997 917 duo
1031 832 1252 926 cyathi
1285 833 1462 929 poti,
1493 830 1894 927 hydropicos
1922 833 2314 927 exinaniunt
2342 859 2357 900 :
2392 831 2624 902 vulvas

540 974 924 1064 emolliunt,
958 975 1076 1055 has
1116 990 1184 1044 et
1222 973 1537 1045 foliorum
1575 974 1849 1044 decocta
1883 975 2336 1044 insidentium.
2376 973 2625 1044 Caules

442 1168 452 1179 -
544 1120 757 1189 teneri
784 1120 1066 1203 mitioris
1099 1119 1430 1206 sambuci,
1455 1102 1526 1185 in
1558 1119 1806 1212 patinis
1835 1120 2037 1208 cocti,
2064 1117 2287 1188 alvum
2327 1116 2623 1189 solvunt.

542 1264 883 1334 Resistunt
922 1259 1078 1331 folia
1120 1277 1186 1331 et
1227 1263 1641 1359 serpentium
1678 1263 1919 1331 ictibus
1956 1264 2027 1331 in
2065 1231 2225 1331 vino
2267 1277 2443 1357 pota.
2490 1266 2624 1332 Po-

544 1409 831 1503 dagricis
867 1432 1023 1485 cum
1057 1400 1211 1475 sevo
1245 1406 1505 1475 hircino
1541 1391 1963 1476 vehementer
1994 1422 2278 1501 prosunt
2311 1405 2624 1476 caulicul‘i

544 1551 725 1634 illiti.
770 1550 1113 1643 Iidemque
1159 1552 1229 1618 in
1277 1575 1452 1644 aqua
1495 1565 1951 1639 macerantur,
1999 1564 2075 1618 ut
2116 1528 2455 1645 ea'sparsa
2494 1575 2627 1644 puae

544 1697 703 1766 lices
760 1711 1104 1766 necentur.
1157 1694 1495 1764 Foliorum
1549 1694 1824 1764 decocto
1884 1697 1936 1764 si
1992 1678 2196 1763 locus.
2232 1710 2582 1790 spargatur
2602 1748 2621 1784 ,

544 1866 787 1910 muscae
844 1855 1186 1909 necantur.
1240 1814 1377 1908 Boa
1427 1835 1802 1933 appellatur
1855 1824 2128 1908 morbus
2181 1836 2621 1934 papularum,

530 1950 750 2079 *quum
787 1985 1025 2067 rubent
1058 2007 1340 2076 corpora
1376 2009 1392 2049 ε
1438 1983 1732 2051 sambuci
1773 2008 1961 2051 ramo
2004 1983 2427 2087 verberatur.
2450 1986 2621 2087 Cor-

542 2142 649 2196 tex
687 2127 968 2196 interior
1002 2126 1229 2216 tritus,
1264 2150 1346 2194 ex
1379 2126 1538 2194 vino
1580 2125 1731 2195 albo
1768 2140 1999 2219 potus,
2036 2124 2259 2196 alvum
2296 2104 2513 2196 εοῘνίῑ.

1343 2848 1621 2922 Junipero
1634 2888 1653 2917 ‚
1690 2867 1813 2903 xx1.

635 3058 959 3126 XXXVI.-
990 3059 1027 3124 J
1033 3057 1347 3151 uniperus
1383 3055 1488 3126 vel
1527 3071 1678 3158 ante
1720 3072 1936 3127 cetera
1976 3060 2201 3126 omnia
2231 3056 2574 3127 excalfacit
2596 3109 2615 3145 ‚

368 3234 373 3238 ·
477 3298 483 3302 Π
540 3217 883 3291 extenuat,
918 3199 1116 3270 cedro
1150 3198 1311 3270 alias
1347 3200 1596 3270 similis.
1629 3205 1718 3272 Et
1748 3204 1889 3294 ejus
1925 3201 2059 3271 duo
2090 3226 2372 3296 genera:
2407 3200 2615 3270 altera

519 3347 780 3440 ‘major,
824 3346 1032 3415 altera
1074 3347 1312 3415 minor.
1365 3349 1672 3440 Utraque
1712 3370 1987 3436 accensa
2025 3360 2358 3440 serpentes
2399 3345 2610 3442 fugat.

539 3492 774 3559 Semen
817 3492 1198 3579 stomachi,
1234 3490 1562 3586 pectoriS,
1610 3487 1833 3560 lateris
1880 3489 2223 3559 doloribus
2262 3489 2448 3560 utile.
2490 3494 2610 3559 In-

461 3627 465 3636 *
537 3633 835 3702 flationes
877 3632 1264 3728 algoresque
1315 3633 1583 3703 discutit
1618 3660 1633 3702 :
1672 3649 1885 3703 tusses
1922 3635 2280 3726 concoquit
2316 3650 2382 3703 et
2418 3635 2631 3704 duri--

539 3779 685 3846 tias,
720 3774 972 3884 illitum
1005 3758 1298 3845 tumores
1334 3778 1506 3845 sistit
1535 3779 1747 3846 z'item
1787 3775 2045 3865 alvum,
2079 3779 2298 3848 baccis
2335 3804 2411 3846 ex
2449 3781 2612 3849 vino

539 3925 734 4019 nigro
787 3923 1024 4019 potisa·
1068 3922 1224 3991 item
1278 3925 1529 3993 ventris
1582 3939 1876 4016 tumores
1929 3923 2132 3993 illitis.
2171 3889 2496 3994 Miscetur
2547 3942 2614 3995 et

543 4069 879 4138 antidotis*
907 4069 1239 4164 oxyporis,
1296 4068 1544 4136 Urinas
1602 4070 1753 4138 ciet.
1811 4065 2105 4138 Illinitur
2129 4099 2132 4104 ·
2155 4084 2224 4137 et
2275 4069 2486 4138 oculis
2540 4070 2612 4139 in
