<?xml version="1.0" encoding="UTF-8"?>
<!DOCTYPE html PUBLIC "-//W3C//DTD XHTML 1.0 Transitional//EN"
    "http://www.w3.org/TR/xhtml1/DTD/xhtml1-transitional.dtd">
<html xmlns="http://www.w3.org/1999/xhtml" xml:lang="en" lang="en">
 <head>
  <title>
</title>
<meta http-equiv="Content-Type" content="text/html;charset=utf-8" />
  <meta name='ocr-system' content='tesseract 3.04.00' />
  <meta name='ocr-capabilities' content='ocr_page ocr_carea ocr_par ocr_line ocrx_word'/>
</head>
<body>
  <div class='ocr_page' id='page_1' title='image "./histoirenaturel01grangoog_0290.png"; bbox 0 0 2846 4869; ppageno 0'>
   <div class='ocr_carea' id='block_1_1' title="bbox 449 388 2549 756">
    <p class='ocr_par' dir='ltr' id='par_1_1' title="bbox 449 388 2549 756">
     <span class='ocr_line' id='line_1_1' title="bbox 466 388 2089 448; baseline -0.001 -3"><span class='ocrx_word' id='word_1_1' title='bbox 466 388 581 446; x_wconf 74' lang='lat'><strong>280</strong></span> <span class='ocrx_word' id='word_1_2' title='bbox 878 391 941 445; x_wconf 88' lang='lat' dir='ltr'><strong>C.</strong></span> <span class='ocrx_word' id='word_1_3' title='bbox 982 389 1220 446; x_wconf 76' lang='lat' dir='ltr'>PLINII</span> <span class='ocrx_word' id='word_1_4' title='bbox 1263 389 1460 448; x_wconf 83' lang='lat' dir='ltr'><strong>HIST.</strong></span> <span class='ocrx_word' id='word_1_5' title='bbox 1505 389 1684 448; x_wconf 78' lang='lat' dir='ltr'><strong>NAT.</strong></span> <span class='ocrx_word' id='word_1_6' title='bbox 1725 390 1863 444; x_wconf 84' lang='lat' dir='ltr'><strong>LIB.</strong></span> <span class='ocrx_word' id='word_1_7' title='bbox 1900 389 2089 444; x_wconf 79' lang='lat' dir='ltr'><strong>XXV.</strong></span> 
     </span>
     <span class='ocr_line' id='line_1_2' title="bbox 449 514 2544 612; baseline -0.002 -26"><span class='ocrx_word' id='word_1_8' title='bbox 449 515 691 587; x_wconf 86' lang='lat' dir='ltr'><strong>.mulos</strong></span> <span class='ocrx_word' id='word_1_9' title='bbox 723 518 902 611; x_wconf 86' lang='lat' dir='ltr'><strong>ipsos</strong></span> <span class='ocrx_word' id='word_1_10' title='bbox 934 518 1020 586; x_wconf 84' lang='lat' dir='ltr'><strong>ab</strong></span> <span class='ocrx_word' id='word_1_11' title='bbox 1048 518 1272 588; x_wconf 79' lang='lat' dir='ltr'><strong>radice</strong></span> <span class='ocrx_word' id='word_1_12' title='bbox 1308 541 1512 611; x_wconf 88' lang='lat' dir='ltr'><strong>quam</strong></span> <span class='ocrx_word' id='word_1_13' title='bbox 1543 516 1913 612; x_wconf 66' lang='lat' dir='ltr'><strong>gravissimi</strong></span> <span class='ocrx_word' id='word_1_14' title='bbox 1943 515 2216 587; x_wconf 51' lang='lat' dir='ltr'><strong>corticis¹</strong></span> <span class='ocrx_word' id='word_1_15' title='bbox 2247 516 2350 586; x_wconf 72' lang='lat' dir='ltr'><strong>ita</strong></span> <span class='ocrx_word' id='word_1_16' title='bbox 2369 514 2544 583; x_wconf 82' lang='lat' dir='ltr'><strong>dant.</strong></span> 
     </span>
     <span class='ocr_line' id='line_1_3' title="bbox 470 657 2549 756; baseline -0.001 -27"><span class='ocrx_word' id='word_1_17' title='bbox 470 658 822 755; x_wconf 80' lang='lat' dir='ltr'><strong>Optimum</strong></span> <span class='ocrx_word' id='word_1_18' title='bbox 842 713 861 744; x_wconf 85' lang='lat'>‚</span> <span class='ocrx_word' id='word_1_19' title='bbox 902 660 1083 754; x_wconf 90' lang='lat' dir='ltr'><strong>quod</strong></span> <span class='ocrx_word' id='word_1_20' title='bbox 1133 686 1286 735; x_wconf 81' lang='lat' dir='ltr'><strong>acre</strong></span> <span class='ocrx_word' id='word_1_21' title='bbox 1342 676 1540 756; x_wconf 83' lang='lat' dir='ltr'><strong>gustu</strong></span> <span class='ocrx_word' id='word_1_22' title='bbox 1590 659 2028 755; x_wconf 80' lang='lat' dir='ltr'><strong>fervensque,</strong></span> <span class='ocrx_word' id='word_1_23' title='bbox 2080 660 2150 727; x_wconf 91' lang='lat' dir='ltr'><strong>in</strong></span> <span class='ocrx_word' id='word_1_24' title='bbox 2189 657 2549 754; x_wconf 84' lang='lat' dir='ltr'><strong>frangendo</strong></span> 
     </span>
    </p>
   </div>
   <div class='ocr_carea' id='block_1_2' title="bbox 469 780 2453 899">
    <p class='ocr_par' dir='ltr' id='par_1_2' title="bbox 469 780 2453 899">
     <span class='ocr_line' id='line_1_4' title="bbox 469 780 2453 899; baseline 0.001 -28"><span class='ocrx_word' id='word_1_25' title='bbox 469 780 815 898; x_wconf 69' lang='lat' dir='ltr'><strong>pulverem</strong></span> <span class='ocrx_word' id='word_1_26' title='bbox 857 805 1120 874; x_wconf 86' lang='lat' dir='ltr'><strong>emittit.</strong></span> <span class='ocrx_word' id='word_1_27' title='bbox 1156 808 1425 874; x_wconf 87' lang='lat' dir='ltr'><strong>Durare</strong></span> <span class='ocrx_word' id='word_1_28' title='bbox 1461 806 1597 873; x_wconf 83' lang='lat' dir='ltr'><strong>vim</strong></span> <span class='ocrx_word' id='word_1_29' title='bbox 1635 807 1777 899; x_wconf 90' lang='lat' dir='ltr'><strong>ejus</strong></span> <span class='ocrx_word' id='word_1_30' title='bbox 1812 830 1943 875; x_wconf 82' lang='lat' dir='ltr'><strong>xxx</strong></span> <span class='ocrx_word' id='word_1_31' title='bbox 1982 804 2178 873; x_wconf 89' lang='lat' dir='ltr'><strong>annis</strong></span> <span class='ocrx_word' id='word_1_32' title='bbox 2210 803 2453 873; x_wconf 80' lang='lat' dir='ltr'><strong>ferunt.</strong></span> 
     </span>
    </p>
   </div>
   <div class='ocr_carea' id='block_1_3' title="bbox 651 1206 2307 1284">
    <p class='ocr_par' dir='ltr' id='par_1_3' title="bbox 651 1206 2307 1284">
     <span class='ocr_line' id='line_1_5' title="bbox 651 1206 2307 1284; baseline 0.002 -24"><span class='ocrx_word' id='word_1_33' title='bbox 651 1265 661 1274; x_wconf 57' lang='lat'>‚</span> <span class='ocrx_word' id='word_1_34' title='bbox 735 1206 1036 1261; x_wconf 72' lang='lat' dir='ltr'><strong>Medicinae</strong></span> <span class='ocrx_word' id='word_1_35' title='bbox 1070 1225 1139 1261; x_wconf 84' lang='lat' dir='ltr'><strong>ex</strong></span> <span class='ocrx_word' id='word_1_36' title='bbox 1168 1207 1366 1284; x_wconf 83' lang='lat' dir='ltr'><strong>nigro,</strong></span> <span class='ocrx_word' id='word_1_37' title='bbox 1404 1226 1568 1264; x_wconf 79' lang='lat' dir='ltr'>xx1v.</span> <span class='ocrx_word' id='word_1_38' title='bbox 1607 1207 1928 1275; x_wconf 77' lang='lat' dir='ltr'><strong>Quomodo</strong></span> <span class='ocrx_word' id='word_1_39' title='bbox 1955 1206 2307 1263; x_wconf 84' lang='lat' dir='ltr'><strong>sumendum.</strong></span> 
     </span>
    </p>
   </div>
   <div class='ocr_carea' id='block_1_4' title="bbox 466 1397 2560 3385">
    <p class='ocr_par' dir='ltr' id='par_1_4' title="bbox 466 1397 2560 3385">
     <span class='ocr_line' id='line_1_6' title="bbox 567 1397 2558 1495; baseline 0.002 -30"><span class='ocrx_word' id='word_1_40' title='bbox 567 1399 789 1465; x_wconf 88' lang='lat' dir='ltr'><strong>XXII.</strong></span> <span class='ocrx_word' id='word_1_41' title='bbox 855 1398 1142 1492; x_wconf 83' lang='lat' dir='ltr'>Nigrum</span> <span class='ocrx_word' id='word_1_42' title='bbox 1198 1399 1504 1472; x_wconf 84' lang='lat' dir='ltr'><strong>medetur</strong></span> <span class='ocrx_word' id='word_1_43' title='bbox 1561 1397 1940 1495; x_wconf 80' lang='lat' dir='ltr'><strong>paralyticis</strong></span> <span class='ocrx_word' id='word_1_44' title='bbox 1964 1453 1986 1485; x_wconf 88' lang='lat'><strong>,</strong></span> <span class='ocrx_word' id='word_1_45' title='bbox 2037 1400 2519 1472; x_wconf 78' lang='lat' dir='ltr'><strong>insanientibus</strong></span> <span class='ocrx_word' id='word_1_46' title='bbox 2540 1455 2558 1486; x_wconf 86' lang='lat'><strong>,</strong></span> 
     </span>
     <span class='ocr_line' id='line_1_7' title="bbox 472 1542 2560 1640; baseline 0.001 -28"><span class='ocrx_word' id='word_1_47' title='bbox 472 1542 891 1638; x_wconf 68' lang='lat' dir='ltr'><strong>hydropicis,</strong></span> <span class='ocrx_word' id='word_1_48' title='bbox 923 1542 1087 1613; x_wconf 85' lang='lat' dir='ltr'><strong>dum</strong></span> <span class='ocrx_word' id='word_1_49' title='bbox 1124 1546 1293 1614; x_wconf 84' lang='lat' dir='ltr'><strong>citra</strong></span> <span class='ocrx_word' id='word_1_50' title='bbox 1331 1544 1574 1614; x_wconf 78' lang='lat' dir='ltr'><strong>febrim</strong></span> <span class='ocrx_word' id='word_1_51' title='bbox 1593 1595 1611 1631; x_wconf 90' lang='lat'><strong>‚</strong></span> <span class='ocrx_word' id='word_1_52' title='bbox 1650 1545 1964 1640; x_wconf 81' lang='lat' dir='ltr'><strong>podagris</strong></span> <span class='ocrx_word' id='word_1_53' title='bbox 2004 1546 2364 1634; x_wconf 77' lang='lat' dir='ltr'><strong>veteribuS,</strong></span> <span class='ocrx_word' id='word_1_54' title='bbox 2403 1547 2560 1615; x_wconf 77' lang='lat' dir='ltr'><strong>arti·</strong></span> 
     </span>
     <span class='ocr_line' id='line_1_8' title="bbox 468 1685 2560 1788; baseline 0.001 -33"><span class='ocrx_word' id='word_1_55' title='bbox 468 1685 736 1756; x_wconf 84' lang='lat' dir='ltr'><strong>culariis</strong></span> <span class='ocrx_word' id='word_1_56' title='bbox 786 1689 1054 1757; x_wconf 68' lang='lat' dir='ltr'><strong>morbis».</strong></span> <span class='ocrx_word' id='word_1_57' title='bbox 1108 1689 1341 1759; x_wconf 84' lang='lat' dir='ltr'><strong>Trahit</strong></span> <span class='ocrx_word' id='word_1_58' title='bbox 1385 1714 1464 1759; x_wconf 83' lang='lat' dir='ltr'><strong>ex</strong></span> <span class='ocrx_word' id='word_1_59' title='bbox 1514 1688 1666 1759; x_wconf 89' lang='lat' dir='ltr'><strong>alvo</strong></span> <span class='ocrx_word' id='word_1_60' title='bbox 1707 1687 1948 1778; x_wconf 85' lang='lat' dir='ltr'><strong>bilem,</strong></span> <span class='ocrx_word' id='word_1_61' title='bbox 1992 1689 2417 1788; x_wconf 67' lang='lat' dir='ltr'><strong>pituitasque.</strong></span> <span class='ocrx_word' id='word_1_62' title='bbox 2460 1694 2560 1759; x_wconf 87' lang='lat' dir='ltr'><strong>Ex</strong></span> 
     </span>
     <span class='ocr_line' id='line_1_9' title="bbox 470 1799 2558 1941; baseline 0.001 -40"><span class='ocrx_word' id='word_1_63' title='bbox 470 1858 641 1928; x_wconf 88' lang='lat' dir='ltr'><strong>aqua</strong></span> <span class='ocrx_word' id='word_1_64' title='bbox 695 1835 913 1903; x_wconf 88' lang='lat' dir='ltr'><strong>datur.</strong></span> <span class='ocrx_word' id='word_1_65' title='bbox 954 1836 1038 1904; x_wconf 92' lang='lat' dir='ltr'><strong>ad</strong></span> <span class='ocrx_word' id='word_1_66' title='bbox 1095 1834 1334 1904; x_wconf 88' lang='lat' dir='ltr'><strong>leniter</strong></span> <span class='ocrx_word' id='word_1_67' title='bbox 1384 1805 1814 1904; x_wconf 81' lang='lat' dir='ltr'><strong>molliendam</strong></span> <span class='ocrx_word' id='word_1_68' title='bbox 1870 1834 2142 1924; x_wconf 89' lang='lat' dir='ltr'><strong>alvum,</strong></span> <span class='ocrx_word' id='word_1_69' title='bbox 2175 1799 2558 1941; x_wconf 33' lang='lat' dir='ltr'><strong>‚plurimum</strong></span> 
     </span>
     <span class='ocr_line' id='line_1_10' title="bbox 480 1947 2560 2086; baseline 0.001 -41"><span class='ocrx_word' id='word_1_70' title='bbox 480 1977 804 2086; x_wconf 68' lang='lat' dir='ltr'><strong>drachma</strong></span> <span class='ocrx_word' id='word_1_71' title='bbox 827 2031 845 2066; x_wconf 95' lang='lat'><strong>,</strong></span> <span class='ocrx_word' id='word_1_72' title='bbox 895 1947 1157 2050; x_wconf 85' lang='lat' dir='ltr'><strong>modice</strong></span> <span class='ocrx_word' id='word_1_73' title='bbox 1212 1994 1504 2073; x_wconf 86' lang='lat' dir='ltr'><strong>quatuor</strong></span> <span class='ocrx_word' id='word_1_74' title='bbox 1560 1978 1793 2048; x_wconf 78' lang='lat' dir='ltr'><strong>obolis,</strong></span> <span class='ocrx_word' id='word_1_75' title='bbox 1849 1981 2197 2064; x_wconf 77' lang='lat' dir='ltr'><strong>Miscuere‘</strong></span> <span class='ocrx_word' id='word_1_76' title='bbox 2233 1978 2444 2073; x_wconf 79' lang='lat' dir='ltr'><strong>aliqui</strong></span> <span class='ocrx_word' id='word_1_77' title='bbox 2496 1995 2560 2048; x_wconf 85' lang='lat' dir='ltr'><strong>et</strong></span> 
     </span>
     <span class='ocr_line' id='line_1_11' title="bbox 475 2094 2559 2207; baseline 0.001 -17"><span class='ocrx_word' id='word_1_78' title='bbox 475 2107 1000 2207; x_wconf 72' lang='lat' dir='ltr'><strong>scammoneam,</strong></span> <span class='ocrx_word' id='word_1_79' title='bbox 1037 2122 1153 2191; x_wconf 86' lang='lat' dir='ltr'><strong>secl</strong></span> <span class='ocrx_word' id='word_1_80' title='bbox 1192 2121 1404 2192; x_wconf 74' lang='lat' dir='ltr'><strong>tutius‘</strong></span> <span class='ocrx_word' id='word_1_81' title='bbox 1445 2094 1673 2193; x_wconf 75' lang='lat' dir='ltr'><strong>salem.</strong></span> <span class='ocrx_word' id='word_1_82' title='bbox 1711 2127 1790 2192; x_wconf 90' lang='lat' dir='ltr'><strong>In</strong></span> <span class='ocrx_word' id='word_1_83' title='bbox 1828 2122 2140 2193; x_wconf 82' lang='lat' dir='ltr'><strong>dulcibus</strong></span> <span class='ocrx_word' id='word_1_84' title='bbox 2178 2124 2413 2193; x_wconf 75' lang='lat' dir='ltr'><strong>datum</strong></span> <span class='ocrx_word' id='word_1_85' title='bbox 2449 2147 2559 2193; x_wconf 88' lang='lat' dir='ltr'><strong>co-</strong></span> 
     </span>
     <span class='ocr_line' id='line_1_12' title="bbox 474 2263 2555 2362; baseline 0.002 -31"><span class='ocrx_word' id='word_1_86' title='bbox 474 2266 725 2358; x_wconf 87' lang='lat' dir='ltr'><strong>piosius</strong></span> <span class='ocrx_word' id='word_1_87' title='bbox 795 2265 1171 2357; x_wconf 85' lang='lat' dir='ltr'><strong>periculum</strong></span> <span class='ocrx_word' id='word_1_88' title='bbox 1240 2265 1446 2335; x_wconf 86' lang='lat' dir='ltr'><strong>infert</strong></span> <span class='ocrx_word' id='word_1_89' title='bbox 1508 2293 1523 2335; x_wconf 77' lang='lat' dir='ltr'><strong>t</strong></span> <span class='ocrx_word' id='word_1_90' title='bbox 1569 2263 1936 2335; x_wconf 68' lang='lat' dir='ltr'><strong>&#39;oculorum</strong></span> <span class='ocrx_word' id='word_1_91' title='bbox 2004 2265 2356 2362; x_wconf 82' lang='lat' dir='ltr'><strong>caliginem</strong></span> <span class='ocrx_word' id='word_1_92' title='bbox 2419 2268 2555 2337; x_wconf 84' lang='lat' dir='ltr'><strong>fotu</strong></span> 
     </span>
     <span class='ocr_line' id='line_1_13' title="bbox 470 2395 2557 2506; baseline 0.002 -30"><span class='ocrx_word' id='word_1_93' title='bbox 470 2408 741 2477; x_wconf 86' lang='lat' dir='ltr'><strong>discutit</strong></span> <span class='ocrx_word' id='word_1_94' title='bbox 794 2434 809 2476; x_wconf 73' lang='grc' dir='ltr'><strong>ε</strong></span> <span class='ocrx_word' id='word_1_95' title='bbox 862 2395 949 2479; x_wconf 85' lang='lat' dir='ltr'><strong>ob</strong></span> <span class='ocrx_word' id='word_1_96' title='bbox 1000 2409 1091 2478; x_wconf 69' lang='lat' dir='ltr'><strong>idv</strong></span> <span class='ocrx_word' id='word_1_97' title='bbox 1129 2411 1400 2506; x_wconf 88' lang='lat' dir='ltr'><strong>quidam</strong></span> <span class='ocrx_word' id='word_1_98' title='bbox 1459 2407 1532 2480; x_wconf 82' lang='lat' dir='ltr'><strong>et</strong></span> <span class='ocrx_word' id='word_1_99' title='bbox 1587 2407 1913 2482; x_wconf 86' lang='lat' dir='ltr'><strong>inunxere</strong></span> <span class='ocrx_word' id='word_1_100' title='bbox 1969 2412 2150 2480; x_wconf 82' lang='lat' dir='ltr'><strong>trito.</strong></span> <span class='ocrx_word' id='word_1_101' title='bbox 2209 2413 2557 2497; x_wconf 80' lang='lat' dir='ltr'><strong>StrumaS,</strong></span> 
     </span>
     <span class='ocr_line' id='line_1_14' title="bbox 473 2518 2556 2649; baseline 0.002 -28"><span class='ocrx_word' id='word_1_102' title='bbox 473 2518 838 2648; x_wconf 78' lang='lat' dir='ltr'><strong>suppurata</strong></span> <span class='ocrx_word' id='word_1_103' title='bbox 859 2606 883 2642; x_wconf 93' lang='lat'><strong>,</strong></span> <span class='ocrx_word' id='word_1_104' title='bbox 914 2554 1194 2637; x_wconf 85' lang='lat' dir='ltr'><strong>duritias</strong></span> <span class='ocrx_word' id='word_1_105' title='bbox 1234 2556 1594 2648; x_wconf 85' lang='lat' dir='ltr'><strong>concoquit</strong></span> <span class='ocrx_word' id='word_1_106' title='bbox 1635 2570 1704 2622; x_wconf 87' lang='lat' dir='ltr'><strong>et</strong></span> <span class='ocrx_word' id='word_1_107' title='bbox 1740 2571 1986 2649; x_wconf 83' lang='lat' dir='ltr'><strong>purgat</strong></span> <span class='ocrx_word' id='word_1_108' title='bbox 2018 2581 2034 2622; x_wconf 71' lang='grc' dir='ltr'><strong><em>ε</em></strong></span> <span class='ocrx_word' id='word_1_109' title='bbox 2072 2557 2230 2624; x_wconf 84' lang='lat' dir='ltr'><strong>item</strong></span> <span class='ocrx_word' id='word_1_110' title='bbox 2264 2555 2556 2641; x_wconf 73' lang='lat' dir='ltr'><strong>fistulaS,</strong></span> 
     </span>
     <span class='ocr_line' id='line_1_15' title="bbox 473 2698 2555 2794; baseline 0.002 -28"><span class='ocrx_word' id='word_1_111' title='bbox 473 2698 669 2766; x_wconf 87' lang='lat' dir='ltr'><strong>tertia</strong></span> <span class='ocrx_word' id='word_1_112' title='bbox 711 2698 823 2767; x_wconf 82' lang='lat' dir='ltr'><strong>die</strong></span> <span class='ocrx_word' id='word_1_113' title='bbox 855 2715 1262 2794; x_wconf 81' lang='lat' dir='ltr'><strong>exemptum.</strong></span> <span class='ocrx_word' id='word_1_114' title='bbox 1303 2703 1637 2769; x_wconf 78' lang='lat' dir='ltr'><strong>Verrucas</strong></span> <span class='ocrx_word' id='word_1_115' title='bbox 1680 2698 1866 2778; x_wconf 79' lang='lat' dir='ltr'><strong>tollit·</strong></span> <span class='ocrx_word' id='word_1_116' title='bbox 1891 2714 2050 2769; x_wconf 80' lang='lat' dir='ltr'><strong>‘cum</strong></span> <span class='ocrx_word' id='word_1_117' title='bbox 2092 2703 2386 2794; x_wconf 81' lang='lat' dir='ltr'><strong>squamis</strong></span> <span class='ocrx_word' id='word_1_118' title='bbox 2420 2703 2555 2770; x_wconf 84' lang='lat' dir='ltr'><strong>aeris</strong></span> 
     </span>
     <span class='ocr_line' id='line_1_16' title="bbox 473 2825 2554 2943; baseline 0.001 -32"><span class='ocrx_word' id='word_1_119' title='bbox 473 2858 542 2911; x_wconf 89' lang='lat' dir='ltr'><strong>et</strong></span> <span class='ocrx_word' id='word_1_120' title='bbox 578 2842 1006 2943; x_wconf 83' lang='lat' dir='ltr'><strong>sandaracha.</strong></span> <span class='ocrx_word' id='word_1_121' title='bbox 1040 2842 1585 2938; x_wconf 71' lang='lat' dir='ltr'><strong>&#39;Hydropicorum</strong></span> <span class='ocrx_word' id='word_1_122' title='bbox 1619 2832 1837 2914; x_wconf 79' lang='lat' dir='ltr'><strong>ventri</strong></span> <span class='ocrx_word' id='word_1_123' title='bbox 1869 2825 2243 2939; x_wconf 83' lang='lat' dir='ltr'><strong>imponitur</strong></span> <span class='ocrx_word' id='word_1_124' title='bbox 2278 2844 2430 2915; x_wconf 82' lang='lat' dir='ltr'><strong>cum</strong></span> <span class='ocrx_word' id='word_1_125' title='bbox 2466 2846 2554 2914; x_wconf 92' lang='lat' dir='ltr'><strong>fa-</strong></span> 
     </span>
     <span class='ocr_line' id='line_1_17' title="bbox 470 2955 2552 3095; baseline 0.003 -39"><span class='ocrx_word' id='word_1_126' title='bbox 470 2990 616 3057; x_wconf 87' lang='lat' dir='ltr'><strong>rina</strong></span> <span class='ocrx_word' id='word_1_127' title='bbox 647 2988 1014 3063; x_wconf 88' lang='lat' dir='ltr'><strong>hordeacea</strong></span> <span class='ocrx_word' id='word_1_128' title='bbox 1042 3003 1110 3057; x_wconf 89' lang='lat' dir='ltr'><strong>et</strong></span> <span class='ocrx_word' id='word_1_129' title='bbox 1142 2991 1317 3057; x_wconf 75' lang='lat' dir='ltr'><strong>vin0.</strong></span> <span class='ocrx_word' id='word_1_130' title='bbox 1351 2955 1678 3059; x_wconf 72' lang='lat' dir='ltr'><strong>Pecoruui</strong></span> <span class='ocrx_word' id='word_1_131' title='bbox 1709 3003 1775 3058; x_wconf 86' lang='lat' dir='ltr'><strong>et</strong></span> <span class='ocrx_word' id='word_1_132' title='bbox 1795 2957 2261 3095; x_wconf 76' lang='lat' dir='ltr'><strong>jumentorum</strong></span> <span class='ocrx_word' id='word_1_133' title='bbox 2291 2992 2552 3090; x_wconf 81' lang='lat' dir='ltr'><strong>pituitas</strong></span> 
     </span>
     <span class='ocr_line' id='line_1_18' title="bbox 467 3127 2550 3233; baseline 0.001 -30"><span class='ocrx_word' id='word_1_134' title='bbox 467 3132 989 3221; x_wconf 50' lang='lat' dir='ltr'><strong>sanatssurculo</strong></span> <span class='ocrx_word' id='word_1_135' title='bbox 1023 3159 1142 3228; x_wconf 84' lang='lat' dir='ltr'><strong>per</strong></span> <span class='ocrx_word' id='word_1_136' title='bbox 1177 3159 1407 3211; x_wconf 86' lang='lat' dir='ltr'><strong>aurem</strong></span> <span class='ocrx_word' id='word_1_137' title='bbox 1448 3136 1763 3228; x_wconf 75' lang='lat' dir='ltr'><strong>trajectu,</strong></span> <span class='ocrx_word' id='word_1_138' title='bbox 1792 3127 1858 3204; x_wconf 85' lang='lat' dir='ltr'><strong>et</strong></span> <span class='ocrx_word' id='word_1_139' title='bbox 1894 3151 2163 3230; x_wconf 84' lang='lat' dir='ltr'><strong>postero</strong></span> <span class='ocrx_word' id='word_1_140' title='bbox 2197 3136 2310 3233; x_wconf 85' lang='lat' dir='ltr'><strong>die</strong></span> <span class='ocrx_word' id='word_1_141' title='bbox 2335 3135 2550 3207; x_wconf 84' lang='lat' dir='ltr'><strong>eadem</strong></span> 
     </span>
     <span class='ocr_line' id='line_1_19' title="bbox 466 3279 2549 3385; baseline 0 -38"><span class='ocrx_word' id='word_1_142' title='bbox 466 3280 635 3347; x_wconf 90' lang='lat' dir='ltr'><strong>hora</strong></span> <span class='ocrx_word' id='word_1_143' title='bbox 690 3293 1016 3373; x_wconf 85' lang='lat' dir='ltr'><strong>exempto.</strong></span> <span class='ocrx_word' id='word_1_144' title='bbox 1071 3281 1375 3385; x_wconf 80' lang='lat' dir='ltr'><strong>Scabiem</strong></span> <span class='ocrx_word' id='word_1_145' title='bbox 1428 3279 1944 3374; x_wconf 85' lang='lat' dir='ltr'><strong>quadrupedum</strong></span> <span class='ocrx_word' id='word_1_146' title='bbox 2000 3304 2151 3350; x_wconf 89' lang='lat' dir='ltr'><strong>cum</strong></span> <span class='ocrx_word' id='word_1_147' title='bbox 2201 3282 2396 3350; x_wconf 89' lang='lat' dir='ltr'><strong>thure</strong></span> <span class='ocrx_word' id='word_1_148' title='bbox 2445 3296 2549 3350; x_wconf 88' lang='lat' dir='ltr'><strong>aut</strong></span> 
     </span>
    </p>
   </div>
   <div class='ocr_carea' id='block_1_5' title="bbox 465 3423 1700 3521">
    <p class='ocr_par' dir='ltr' id='par_1_5' title="bbox 465 3423 1700 3521">
     <span class='ocr_line' id='line_1_20' title="bbox 465 3423 1700 3521; baseline 0.001 -29"><span class='ocrx_word' id='word_1_149' title='bbox 465 3449 655 3510; x_wconf 88' lang='lat' dir='ltr'><strong>cera,</strong></span> <span class='ocrx_word' id='word_1_150' title='bbox 700 3449 775 3492; x_wconf 88' lang='lat' dir='ltr'><strong>ac</strong></span> <span class='ocrx_word' id='word_1_151' title='bbox 818 3425 1004 3518; x_wconf 89' lang='lat' dir='ltr'><strong>pice,</strong></span> <span class='ocrx_word' id='word_1_152' title='bbox 1048 3424 1149 3493; x_wconf 90' lang='lat' dir='ltr'><strong>vel</strong></span> <span class='ocrx_word' id='word_1_153' title='bbox 1190 3434 1341 3493; x_wconf 82' lang='lat' dir='ltr'><strong>cum</strong></span> <span class='ocrx_word' id='word_1_154' title='bbox 1383 3423 1700 3521; x_wconf 56' lang='lat' dir='ltr'><strong>pisselan.⁴</strong></span> 
     </span>
    </p>
   </div>
   <div class='ocr_carea' id='block_1_6' title="bbox 774 3862 2122 3955">
    <p class='ocr_par' dir='ltr' id='par_1_6' title="bbox 774 3862 2122 3955">
     <span class='ocr_line' id='line_1_21' title="bbox 774 3862 2122 3955; baseline 0.003 -26"><span class='ocrx_word' id='word_1_155' title='bbox 774 3862 781 3869; x_wconf 54' lang='lat'><em>⁶</em></span> <span class='ocrx_word' id='word_1_156' title='bbox 818 3878 821 3887; x_wconf 89' lang='lat'>&#39;</span> <span class='ocrx_word' id='word_1_157' title='bbox 896 3878 1040 3955; x_wconf 62' lang='lat' dir='ltr'><strong>Rem</strong></span> <span class='ocrx_word' id='word_1_158' title='bbox 1078 3875 1140 3929; x_wconf 89' lang='lat' dir='ltr'><strong>in</strong></span> <span class='ocrx_word' id='word_1_159' title='bbox 1179 3875 1355 3932; x_wconf 85' lang='lat' dir='ltr'><strong>albo:</strong></span> <span class='ocrx_word' id='word_1_160' title='bbox 1399 3878 1694 3951; x_wconf 67' lang='lat' dir='ltr'><strong>medicinae</strong></span> <span class='ocrx_word' id='word_1_161' title='bbox 1731 3896 1800 3934; x_wconf 90' lang='lat' dir='ltr'><strong>ex</strong></span> <span class='ocrx_word' id='word_1_162' title='bbox 1839 3890 1909 3933; x_wconf 87' lang='lat' dir='ltr'><strong>eo</strong></span> <span class='ocrx_word' id='word_1_163' title='bbox 1944 3892 2122 3933; x_wconf 74' lang='lat' dir='ltr'><strong>xxul.</strong></span> 
     </span>
    </p>
   </div>
   <div class='ocr_carea' id='block_1_7' title="bbox 564 4050 2533 4150">
    <p class='ocr_par' dir='ltr' id='par_1_7' title="bbox 564 4050 2533 4150">
     <span class='ocr_line' id='line_1_22' title="bbox 564 4050 2533 4150; baseline -0.008 -21"><span class='ocrx_word' id='word_1_164' title='bbox 564 4053 815 4129; x_wconf 80' lang='lat' dir='ltr'><strong>XXIII.</strong></span> <span class='ocrx_word' id='word_1_165' title='bbox 853 4050 1100 4126; x_wconf 75' lang='lat' dir='ltr'><strong>Album</strong></span> <span class='ocrx_word' id='word_1_166' title='bbox 1140 4054 1510 4148; x_wconf 85' lang='lat' dir='ltr'><strong>optimum,</strong></span> <span class='ocrx_word' id='word_1_167' title='bbox 1540 4055 1722 4150; x_wconf 83' lang='lat' dir='ltr'><strong>quod</strong></span> <span class='ocrx_word' id='word_1_168' title='bbox 1755 4053 2097 4125; x_wconf 83' lang='lat' dir='ltr'><strong>celerrime</strong></span> <span class='ocrx_word' id='word_1_169' title='bbox 2129 4065 2354 4123; x_wconf 82' lang='lat' dir='ltr'><strong>movet</strong></span> <span class='ocrx_word' id='word_1_170' title='bbox 2386 4062 2533 4118; x_wconf 82' lang='lat' dir='ltr'><strong>ster-</strong></span> 
     </span>
    </p>
   </div>
   <div class='ocr_carea' id='block_1_8' title="bbox 2770 1480 2773 2147">
    <p class='ocr_par' dir='ltr' id='par_1_8' title="bbox 2770 1480 2773 2147">
     <span class='ocr_line' id='line_1_23' title="bbox 2770 1480 2773 2147; baseline 0 0"><span class='ocrx_word' id='word_1_171' title='bbox 2770 1480 2773 2147; x_wconf 95' lang='lat' dir='ltr'><strong> </strong></span> 
     </span>
    </p>
   </div>
   <div class='ocr_carea' id='block_1_9' title="bbox 2766 2410 2777 4493">
    <p class='ocr_par' dir='ltr' id='par_1_9' title="bbox 2766 2410 2777 4493">
     <span class='ocr_line' id='line_1_24' title="bbox 2766 2410 2777 4493; baseline 0 0"><span class='ocrx_word' id='word_1_172' title='bbox 2766 2410 2777 4493; x_wconf 95' lang='lat' dir='ltr'><strong> </strong></span> 
     </span>
    </p>
   </div>
  </div>
 </body>
</html>
