2846 4869
526 386 600 445 42
965 381 1028 438 C.
1068 381 1308 438 PLINII
1347 381 1542 439 HIST.
1584 384 1756 439 NAT.
1800 384 1943 441 LIB.
1968 384 2179 441 XXIV.

528 505 974 601 exposuimus.
1007 510 1253 578 Cortex
1286 523 1485 602 potus
1521 509 1894 580 ischiadicis
1933 525 1998 579 et
2030 511 2424 606 stranguriae
2457 535 2621 605 pro·

532 650 695 719 dest.
748 648 1095 764 Foliorum·
1146 676 1380 721 succus
1435 650 1689 722 calidus
1740 656 2001 723 aurium
2053 653 2289 724 dolori.
2331 654 2618 747 Virgam

532 792 762 890 populi
794 795 862 863 in
900 821 1103 865 manu
1143 798 1524 867 tenentibus
1554 798 1903 893 intertrigo
1938 823 2073 868 non
2112 800 2453 869 metuitur.
2485 802 2623 868 Po-

528 936 726 1034 pulus
765 940 958 1034 nigra
995 940 1449 1012 efficacissima
1484 943 1800 1045 habetur,
1847 970 1993 1039 quae
2033 945 2103 1014 in
2146 947 2351 1013 Creta
2396 945 2624 1012 nasci'-

527 1099 658 1152 tur.
707 1082 1174 1154 Comitialibus
1221 1109 1444 1165 semen
1483 1112 1561 1157 ex
1609 1102 1799 1157 aceto
1854 1086 2039 1157 utile.
2085 1086 2337 1156 Fundit
2375 1085 2491 1155 illa
2543 1102 2650 1191 et⁸

528 1228 812 1297 resinam
875 1222 1224 1323 exiguam,
1279 1256 1413 1323 qua
1466 1245 1754 1300 utuntur
1815 1231 1900 1300 ad
1950 1229 2365 1326 malagmata.
2427 1228 2623 1299 Folia

529 1371 844 1467 podagris
891 1375 962 1440 in
1002 1386 1192 1443 acet'o
1232 1373 1505 1444 decocta
1551 1377 2011 1471 imponuntur.
2062 1381 2319 1444 Humor
2356 1400 2393 1443 e
2431 1376 2620 1444 cavis

527 1515 760 1610 populi
801 1518 1008 1612 nigrae
1049 1517 1359 1607 effluenS,
1399 1544 1743 1608 verrucaS,
1785 1519 2198 1616 papulasque
2245 1545 2327 1589 ex
2365 1519 2621 1589 adtritu

533 1675 713 1730 ortas
764 1660 961 1732 tollit.
1007 1663 1245 1758 Populi
1293 1664 1517 1733 ferunt
1568 1680 1632 1733 et
1672 1665 1741 1732 in
1789 1662 1964 1734 foliis
2021 1679 2303 1758 guttam,
2355 1689 2433 1732 ex
2482 1689 2623 1757 qua

531 1830 687 1899 apes
745 1803 1078 1901 propolim
1137 1806 1412 1876 faciunt.
1474 1809 1688 1876 Gutta
1734 1832 1919 1901 aeque
1973 1806 2241 1902 propoli
2301 1832 2384 1876 ex
2442 1830 2617 1899 aqua

532 1946 776 2018 efficax.

1396 2371 1603 2441 Ulmo,
1638 2390 1756 2427 xv1.
1803 2398 1808 2407 ·
1871 2396 1888 2403 ·

628 2583 944 2650 XXXIII.
978 2579 1161 2656 Ulmi
1204 2595 1270 2649 et
1309 2579 1467 2650 folia
1490 2635 1509 2667 ‚
1547 2595 1614 2649 et
1647 2586 1914 2668 cortex,
1947 2597 2015 2650 et
2052 2583 2260 2669 rami,
2311 2581 2446 2648 vim
2493 2582 2619 2650 ha·-

534 2727 695 2795 bent
728 2711 1089 2821 spissandi,
1131 2741 1197 2795 et
1239 2725 1518 2795 vulnera
1555 2726 2012 2796 contrahendi.
2054 2728 2337 2797 Corticis
2378 2731 2615 2820 utique

536 2872 812 2940 interior
849 2869 990 2938 tilia
1028 2869 1246 2964 lepras
1292 2871 1511 2957 sedat,
1555 2887 1619 2940 et
1661 2861 1818 2941 folia
1847 2897 1940 2971 ..ex
1982 2887 2168 2941 aceto
2213 2870 2400 2941 illita.
2449 2875 2623 2942 Cor-

538 3003 684 3081 ticis
740 3012 996 3081 denarii
1049 3011 1312 3106 pondus
1357 3026 1593 3106 potum
1644 3013 1712 3079 in
1757 3012 2024 3080 hemina
2085 2976 2272 3106 aquae
2325 3010 2622 3107 frigidae,

534 3156 757 3226 alvum
813 3171 1100 3251 purgat,
1151 3144 1599 3250 pituitasque,
1651 3170 1718 3223 et
1769 3180 1974 3249 aquas
2026 3155 2340 3249 privatim
2394 3155 2619 3223 trahit.

533 3301 912 3394 Imponitur
956 3314 1022 3368 et
1060 3297 1561 3388 collectionibus
1606 3296 1937 3392 lacryma,
1982 3314 2048 3367 et
2082 3298 2467 3366 vulneribus
2491 3349 2509 3383 ,
2552 3313 2621 3366 et

536 3443 893 3529 ambustiS,
938 3467 1083 3536 quae
1125 3440 1399 3511 decocto
1445 3441 1667 3510 fovere
1702 3442 1993 3536 prodest.
2037 3447 2298 3512 Humor
2336 3444 2405 3511 in
2451 3440 2625 3512 folli-

538 3585 702 3656 culis
753 3587 1009 3655 arboris
1061 3585 1260 3678 hujus
1308 3599 1625 3672 nascens,
1675 3588 1810 3657 cuti
1861 3588 2146 3655 nitorem
2199 3588 2488 3673 inducit,
2529 3558 2627 3658 fa-

539 3736 838 3827 ciemque
887 3733 1245 3827 gratiorem
1276 3747 1585 3827 praestat.
1637 3730 1964 3802 Cauliculi
2013 3731 2326 3832 foliorum
2373 3736 2622 3828 primi,

539 3880 1029 3966 vino'decocti‚
1069 3894 1364 3947 tumores
1410 3891 1687 3965 sanant,
1740 3843 2223 3969 extrahuntque
2268 3902 2388 3970 per
2430 3878 2621 3949 fistu-

539 4025 651 4097 las·
714 4025 897 4094 Idem
961 4026 1278 4117 praestant
1339 4037 1408 4090 et
1465 4020 1970 4122 tiliaencorticis.
2040 4019 2237 4088 Multi
2302 4024 2620 4106 corticem
