2846 4869
430 400 505 459 40
865 394 927 449 C.
970 393 1204 449 PLINII
1243 392 1434 450 HIST.
1477 394 1648 449 NAT.
1694 394 1836 449 LIB.
1868 394 2079 450 XXIV.

428 522 832 611 rationibus,
863 538 930 591 et
963 521 1311 592 decoctum
1339 506 1593 591 eorum.
1624 521 1909 591 Corticis
1943 535 2168 589 autem
2193 520 2262 587 in
2295 531 2511 605 aceto,

429 668 727 737 dentium
763 665 1129 736 remedium
1161 680 1259 735 est
1289 691 1304 734 ε
1337 663 1651 734 foliorum
1684 665 2035 733 tenerrima
2062 667 2133 732 in
2167 664 2325 733 vino
2360 661 2512 733 albo

430 812 701 882 decocta
725 863 744 899 ,
803 808 1172 880 oculorum.
1244 811 1526 904 lanugo
1581 805 1894 877 foliorum
1920 858 1940 894 ‚
1998 822 2065 876 et
2118 807 2390 878 auribus
2444 822 2513 877 et

430 953 642 1026 oculis
680 952 955 1024 inutilis.
1000 953 1190 1023 Ciuis
1234 950 1598 1046 pilularum
1642 966 1835 1021 sanat
1871 952 2179 1025 ambusta
2222 952 2365 1047 igni
2409 950 2514 1021 vel

430 1100 701 1196 frigore.
745 1101 997 1169 Cortex
1036 1121 1074 1166 e
1110 1096 1270 1165 vino
1311 1095 1738 1188 scorpionum
1774 1096 1946 1165 ictus
1983 1095 2354 1191 restinguit.

1308 1743 1584 1813 Fraxino‚
1613 1762 1664 1798 v.

529 1920 749 1988 XXX.
794 1920 1121 1988 Fraxinus
1166 1941 1369 2012 quam
1409 1917 1544 1986 vim
1586 1916 1902 1986 adversus
1938 1932 2274 2012 serpentes
2315 1917 2519 1985 habe-

435 2074 571 2147 ret,
602 2061 1064 2130 indicavimus.
1105 2063 1343 2131 Semen
1377 2058 1552 2130 foliis
1585 2061 1726 2154 ejus
1759 2062 1961 2151 inest,
1992 2085 2130 2156 quo
2166 2058 2520 2132 medentur

428 2206 747 2299 jocineris
780 2218 850 2273 et
883 2202 1105 2273 lateris
1144 2201 1489 2275 doloribus
1524 2206 1596 2274 in
1630 2206 1789 2274 vino
1819 2231 1842 2274 -:
1882 2230 2123 2300 aquam
2157 2229 2306 2299 quae
2342 2205 2521 2273 subit

431 2363 690 2438 cutem,
718 2351 1101 2418 extrahunt.
1134 2351 1402 2445 Corpus
1438 2349 1714 2419 obesum
1749 2348 1975 2420 levant
2012 2374 2242 2439 onere,
2274 2351 2515 2419 sensim

433 2494 518 2563 ad
558 2493 839 2564 maciem
880 2493 1308 2581 reducentes,
1349 2469 1584 2564 iisdem
1623 2491 1798 2563 foliis
1838 2519 1993 2563 cum
2031 2496 2187 2565 vino
2220 2494 2393 2599 tritis
2432 2494 2519 2563 ad

432 2640 677 2711 virium
737 2639 1117 2732 portionem
1164 2664 1181 2706 ε
1235 2639 1327 2707 ita
1379 2617 1457 2707 ut
1503 2663 1714 2750 puero
1758 2639 2055 2732 quinque
2106 2638 2262 2709 folia
2312 2640 2519 2722 tribus

433 2778 690 2873 cyathis
744 2776 1131 2867 diluantur,
1187 2778 1676 2850 robustioribus
1734 2795 1984 2874 septem
2037 2779 2196 2851 folia
2222 2833 2262 2869 ,1
2300 2783 2521 2875 quinis

435 2923 688 3017 cyathis
725 2923 886 2990 vini.
921 2923 1077 2992 Non
1115 2920 1562 2990 omittendum
1581 2974 1602 3009 ,
1637 2937 1938 2992 ramenta
1969 2924 2111 3018 ejus
2150 2938 2219 2993 et
2256 2926 2520 2994 scobem

434 3092 473 3136 a
507 3065 903 3162 quibusdam
941 3065 1237 3135 cavenda
1272 3064 1565 3160 praedici.

1335 3367 1516 3421 Acere
1534 3405 1553 3436 ‚
1582 3384 1625 3422 1.

534 3544 789 3611 XXXI.
818 3541 1047 3610 Aceris
1072 3541 1263 3611 radix
1288 3555 1570 3611 contusa
1592 3566 1629 3611 e
1657 3542 1809 3611 vino
1826 3541 2140 3635 jocineris
2173 3537 2519 3612 doloribus

437 3678 885 3751 efficacissime
926 3678 1312 3771 imponitur.

1263 3869 1516 3942 Populo,
1553 3886 1691 3923 vnx.

531 4027 817 4100 XXXII.
887 4026 1125 4132 Populi
1195 4026 1359 4098 albae
1421 4050 1706 4096 uvarum
1775 4028 1841 4096 in
1907 4025 2267 4121 unguentis
2328 4051 2518 4096 usum
