2846 4869
469 400 543 481 '52
871 413 967 471 rc,
1010 414 1248 479 emm
1281 412 1486 471 nis-r.
1530 412 1696 471 MT.
1722 410 1877 468 ue.
1907 410 2126 466 xxlv.

471 563 607 617 tem
653 545 921 617 faciunt.
964 541 1429 613 Adversantur
1468 538 1742 609 venenis
1785 536 2198 630 serpentium
2222 587 2243 623 ‚
2282 536 2566 605 maxime

474 715 633 785 (μεθ’
655 688 866 782 frigus
909 685 1228 755 inferunt.
1271 684 1503 753 Minor
1529 681 1871 752 ‘efficacior
1909 680 1995 751 ad
2035 695 2374 782 serpente}
2410 705 2426 748 ε
2461 681 2562 749 bi-

468 833 659 901 bitur
689 829 965 899 seminis
1014 826 1335 927 drachma
1383 827 1452 894 in
1506 828 1661 894 vino
1703 823 1809 895 vel
1855 849 2099 918 posca,
2145 839 2262 893 aut
2303 823 2566 893 duabus

470 976 790 1067 foliorum
832 972 1368 1042 tenerrimorum.

575 1347 664 1412 Et
691 1341 1046 1415 illinuntur
1075 1359 1358 1439 utraque
1388 1345 1709 1415 adversus
1735 1366 2137 1413 araneorum
2169 1339 2569 1412 morsus-vel

479 1491 818 1580 perunctis
862 1504 1127 1560 tantum
1166 1516 1182 1558 :
1230 1489 1462 1560 suffitu
1505 1514 1775 1584 quoque
1802 1505 1917 1558 aut
1957 1488 2295 1557 substratu
2337 1486 2572 1581 fugant

481 1647 832 1703 venenata.
863 1622 972 1703 Ad
995 1637 1323 1705 Venerem
1355 1635 1645 1729 impetus
1670 1633 2009 1702 inhibent:
2043 1657 2255 1726 eoque
2289 1633 2572 1701 maxime

479 1774 856 1873 phalangiis
901 1778 1370 1865 adversantur,
1417 1798 1710 1872 quorum
1753 1801 2014 1849 morsus
2053 1773 2340 1872 genitale
2390 1777 2571 1846 exci-

479 1936 596 1991 tat.
640 1925 896 2019 Capitis
936 1920 1239 1994 dolorem
1302 1947 1383 1992 ex
1442 1923 1759 1992 ebrietate
1799 1921 2035 1992 sedant
2087 1947 2241 1991 cum
2298 1893 2610 1992 rosaceo*

479 2067 628 2137 flos‘
665 2069 1006 2162 tenerique
1071 2065 1406 2137 cauliculi.
1487 2067 1784 2137 Seminis·
1822 2066 2169 2137 decoctum
2219 2067 2574 2136 vehemen-

482 2212 723 2280 tiorem
760 2212 994 2305 capitis
1027 2209 1327 2299 dolorem
1363 2209 1667 2281 dissolvit
1707 2211 1890 2281 fotu:
1926 2225 1994 2281 et
2045 2176 2326 2280 vulvam*
2369 2211 2574 2280 etiam

483 2355 712 2425 suffitu
763 2354 868 2424 vel
902 2354 1241 2451 ⁴adpositu
1306 2370 1565 2452 ,purgat
1606 2381 1622 2427 ;
1678 2353 1904 2425 alvum
1964 2379 2119 2425 cum
2178 2353 2446 2451 pulegio
2507 2370 2577 2424 et

481 2496 679 2567 melle
707 2514 963 2592 petum.
1007 2498 1323 2569 vomicas
1356 2516 1704 2592 panosque
1733 2495 2000 2567 difficile
2041 2513 2534 2593 concoquentes
2553 2552 2575 2588 ‚

483 2617 637 2713 cum
669 2642 885 2712 farina
917 2642 1289 2713 hordeacea
1323 2639 1560 2710 mollit.
1584 2641 1913 2711 Liohenas
1940 2656 2007 2711 et
2036 2641 2387 2738 lentigines
2418 2669 2577 2714 cum

484 2785 884 2881 aphronitro
910 2800 980 2855 et
1003 2801 1196 2854 aceto
1226 2809 1458 2855 semen
1491 2800 1681 2855 sanat
1710 2811 1730 2853 :⁷
1755 2800 1833 2854 et
1862 2787 1997 2855 oris
2031 2785 2290 2876 ulcera,
2324 2803 2392 2857 et
2426 2764 2579 2858 eru-

484 2930 778 3025 ptiones,
812 2954 969 3000 eum
1004 2925 1247 3000 melle:
1310 2930 1615 3017 testium,
1657 2954 1812 2998 cum
1859 2930 2104 3024 butyro
2134 2945 2212 3000 ⁵et
2261 2930 2436 3002 foliis
2482 2934 2579 3003 vi·-

476 3079 656 3146 tium
680 3089 709 3144 ἐ
758 3071 1297 3169 rhagadas'sedis
1319 3127 1338 3161 ‚
1386 3098 1543 3144 cum
1578 3098 1750 3168 aqua
1776 3072 2039 3144 illitum
2068 3101 2085 3143 τ
2117 3074 2384 3161 luxata,
2415 3103 2576 3147 cum

476 3218 653 3308 'sale‚
688 3234 754 3290 et
791 3221 1000 3306 nitr0‚
1028 3231 1093 3286 et
1128 3241 1299 3285 cera.

403 3771 408 3778 ’
474 3789 481 3794 ’
576 3783 672 3850 Et
724 3803 945 3851 semen
969 3836 987 3870 ,
1047 3799 1115 3853 et
1166 3784 1400 3854 folium
1442 3785 1714 3856 additur
1761 3788 1830 3856 in
1882 3785 2285 3883 malagmata
2334 3808 2581 3854 nervo-

484 3915 681 4015 jrum',
721 3941 789 3995 et
837 3924 1183 4024 podagras.
1242 3932 1482 4026 Semen
1524 3928 1885 4001 instillatur
1923 3933 1993 4000 in
2034 3929 2185 4000 oleo
2227 3930 2583 4004 decoctum

490 4070 695 4164 capiti
752 4071 823 4141 in
871 4070 1227 4168 lethargia,
1278 4088 1343 4143 et
1379 4041 1731 4169 phrenesi.
1776 4077 2057 4172 Virgam
2092 4077 2214 4171 qui
2258 4077 2328 4145 in
2372 4098 2577 4144 manu
