2846 4869
436 438 511 475 22
877 421 942 477 c.
983 418 1212 505 rmum
1254 378 1466 475 msr·
1488 420 1656 475 NAT.
1701 414 1843 475 Lm.
1881 414 2106 475 xxlv..

1288 646 1540 721 Styrace
1559 685 1584 714 2
1619 663 1674 701 x.

530 830 681 905 XV.
725 838 811 905 Et
849 839 1126 930 styracis
1163 851 1476 907 naturam
1510 838 1579 906 in
1615 837 1998 933 peregrinis·
2024 834 2375 907 arboribus
2411 857 2530 901 ex-

443 980 807 1073 posuimus.
872 980 1101 1051 Placet
1162 996 1404 1076 praeter
1469 981 1583 1054 illa
1640 1006 1794 1076 quae
1852 980 2138 1077 diximus
2165 1031 2188 1069 ‚
2244 980 2534 1051 maxime

442 1125 743 1219 pinguis,
777 1146 1022 1219 purus,
1055 1123 1508 1196 albicantibus
1533 1124 1943 1221 flagitanti&
1978 1123 2297 1194 Medetur
2330 1123 2532 1208 ursei,

441 1264 779 1358 faucibuS‚
814 1266 1104 1365 pectoris
1143 1271 1321 1340 vitiis
1345 1325 1364 1355 ‚
1399 1269 1618 1341 vul‘vae
1658 1267 2029 1365 praeelusae,
2064 1269 2394 1338 duritieve
2434 1267 2533 1337 la-

442 1413 731 1513 boranti.
779 1414 926 1484 Ciet
968 1438 1235 1484 menses·
1276 1429 1484 1510 potu,
1532 1415 1929 1509 adposituve
1952 1468 1973 1498 ‚
2025 1413 2254 1513 alvum
2294 1410 2532 1483 mollit.
2646 1467 2648 1469 .
2725 1427 2732 1433 ‘

442 1560 724 1628 Invenio
764 1573 929 1654 potu
973 1560 1239 1631 modico
1276 1562 1617 1631 tristitiam
1669 1562 1877 1629 animi
1915 1557 2204 1646 resolvi,
2251 1557 2542 1654 largiaee

445 1705 772 1775 contrahi.
831 1707 1102 1779 Sonitus
1162 1708 1426 1775 aurium
1481 1706 1791 1777 emendat
1852 1709 2146 1778 infusum
2183 1732 2199 1776 ε
2252 1721 2542 1778 strumas

448 1846 689 1916 illitum
709 1902 728 1937 ‚
772 1873 1267 1945 nervorumque
1306 1849 1539 1920 nodos.
1586 1850 1999 1923 Adversatur
2035 1851 2312 1920 venenis
2332 1903 2351 1939 ‚
2391 1875 2546 1944 quae

402 2068 405 2073 .
448 1977 695 2088 frigore
737 2004 986 2064 nocent
1012 2020 1037 2077 ‚t
1074 1993 1224 2065 ideo
1262 2009 1330 2072 et
1366 1996 1620 2069 cicutae.

1227 2462 1583 2537 spondylio,
1617 2480 1687 2516 xv
1698 2480 1768 2520 11.

546 2658 729 2727 XVI.
760 2656 1195 2752 spondylion*
1232 2681 1365 2727 una
1403 2619 1976 2743 demonstratum,
2021 2654 2399 2724 infunditur
2436 2678 2546 2730 m,-

453 2801 703 2894 pitibus
749 2802 1297 2896 phreneticorum
1320 2855 1339 2891 ‚
1377 2816 1445 2870 et
1480 2797 1998 2896 lethargicorum
2038 2825 2054 2868 ε
2099 2801 2267 2869 item
2309 2799 2549 2894 capitis

454 2943 796 3027 doloribus
831 2938 1069 3040 longiS.
1107 2947 1283 3015 Cum
1321 2944 1472 3014 oleo
1512 2959 1734 3014 vetere
1768 2944 2046 3034 bibitur,
2081 2959 2148 3014 et
2184 2944 2253 3013 in
2291 2944 2551 3038 jocine-

454 3116 603 3160 rum
655 3092 877 3181 vitiis,
928 3091 1167 3161 morbo
1211 3091 1401 3188 regio
1427 3145 1445 3181 ‚
1492 3088 1941 3160 comitialibus
1967 3142 1986 3178 ,
2043 3089 2503 3184 orthopnoicis
2528 3141 2548 3180 ‚

455 3233 814 3310 vulvarum
870 3234 1401 3332 strangulatione
1456 3261 1471 3304 ε
1536 3235 1779 3329 quibus
1839 3249 1908 3304 et
1966 3232 2198 3304 suffitu
2254 3231 2548 3328 prodest

456 3378 698 3449 Alvum
725 3377 961 3449 mollit.
992 3342 1291 3452 illinitur
1319 3345 1660 3450 ulceribus
1693 3403 1844 3473 quoe
1875 3391 2153 3474 serpunt
2185 3401 2340 3449 eum
2375 3392 2550 3448 ruta.

460 3521 611 3591 Flos
651 3497 924 3592 auribus
968 3523 1349 3619 purulentis
1382 3495 1760 3597 efficaciter
1802 3502 2197 3594 infunditur.
2236 3520 2365 3591 Sed
2405 3541 2554 3591 sue-

460 3696 577 3740 eus
626 3696 834 3772 quum
885 3673 1320 3771 exprimitur,
1375 3669 1771 3767 integendus
1821 3686 1962 3759 est,
2012 3671 2334 3764 quoniam
2383 3669 2555 3738 mire

461 3816 799 3910 adpetitur
849 3843 888 3883 a
941 3817 1186 3886 muscis
1238 3832 1307 3888 et
1360 3793 1718 3889 similibus-
1766 3815 1985 3888 Radix
2041 3812 2270 3884 derasa
2292 3861 2320 3901 ,.
2361 3828 2434 3884 et
2482 3816 2554 3883 in

463 3957 716 4031 fistulas
753 3959 1085 4053 conjecta,
1118 3938 1363 4028 callum
1397 3982 1634 4027 earum
1673 3956 1911 4028 erodit.
1949 3957 2247 4027 Auribus
2278 3977 2551 4050 quoque

466 4099 824 4175 instillatur
874 4127 1026 4174 eum
1085 4115 1302 4172 su'eco.
1363 4105 1584 4172 Datur
1636 4114 1701 4170 et
1755 4102 1895 4196 ipsa
1948 4114 2180 4174 contra
2241 4100 2555 4172 morbum
