2846 4869
498 393 613 455 144
939 387 1001 443 e.
1046 366 1279 446 PLl'Nn
1319 385 1514 443 ffls‘r.
1556 387 1726 443 NAT.
1770 388 1909 444 Lm.
1940 386 2155 445 xxiv.

498 526 744 581 vocant
766 563 784 598 ,
835 510 948 580 alii
1000 513 1284 607 carphos
1339 539 1354 580 ε
1413 510 1619 606 aliqui
1680 512 1999 597 buccam,
2048 510 2163 582 alii
2218 536 2551 608 aegoceras
2572 566 2592 603 ,

494 659 811 751 quoniam
872 657 1231 727 corniculis
1290 682 1514 727 semen
1575 672 1673 727 est
1726 655 1939 726 simile
1967 711 1988 745 ,
2047 684 2170 728 nos
2227 656 2509 729 siliciam
2572 688 2588 729 ε

493 801 831 896 quomodo
865 816 1215 888 sereretur,
1247 825 1369 886 suo
1404 799 1555 873 loco
1588 800 1959 890 docuimus.
1986 802 2108 871 Vis
2133 802 2274 897 ejus
2302 804 2587 894 siccare,

493 942 789 1030 mollire,
825 943 1205 1014 dissolvere.
1242 946 1493 1014 Succus
1532 944 1790 1014 decocti
1832 944 2236 1014 feminarum
2278 945 2590 1041 pluribus

500 1087 692 1160 malis
729 1089 1066 1158 subvenit:
1102 1090 1240 1157 sive
1275 1084 1556 1174 duritia,
1592 1089 1729 1158 sive
1763 1103 2009 1176 tumor,
2045 1091 2182 1158 sive
2213 1094 2590 1163 contractio

497 1235 584 1302 sit
616 1232 865 1319 vulvae,
902 1232 1235 1320 foventur,
1272 1233 1575 1301 insidunt
1606 1258 1624 1301 ε
1662 1231 1953 1301 infusum
1986 1258 2254 1327 quoque
2289 1222 2611 1331 prodest.

498 1378 813 1449 Fui-fures
842 1378 912 1445 in
947 1376 1112 1446 facie
1141 1351 1476 1446 extenuat.
1505 1374 1736 1471 Spleni
1764 1376 1995 1446 addito
2026 1377 2207 1447 nitro
2231 1378 2590 1451 decoctum

470 1536 572 1596 set
615 1520 1000 1614 impositum
1050 1520 1372 1589 medetur.
1419 1523 1590 1588 Item
1638 1544 1719 1589 ex
1770 1534 1981 1589 aceto.
2031 1521 2140 1589 Sic
2190 1535 2257 1589 et
2299 1522 2590 1615 jocineri
2627 1492 2634 1498 .

502 1666 871 1761 decoctum.
904 1664 1174 1734 Diocles
1212 1663 1485 1734 difficile
1519 1665 1931 1758 parientibus
1967 1689 2187 1734 semen
2224 1666 2367 1760 ejus
2402 1666 2591 1736 dedit

499 1809 825 1911 acetabuli
874 1780 1192 1880 *mensura
1241 1811 1474 1879 tritum
1524 1811 1594 1877 in
1644 1834 1885 1879 novem
1935 1810 2188 1904 cyathis
2239 1834 2415 1906 sapae
2438 1864 2459 1899 ,
2510 1826 2586 1880 ut

478 1970 705 2049 quum
749 1955 977 2023 tertias
1023 1958 1243 2049 partes
1282 1955 1615 2044 biberint,
1658 1953 1870 2024 calida
1906 1952 2287 2025 lavarentur
2325 1982 2341 2023 ε
2394 1972 2467 2025 et
2503 1958 2584 2025 'in

496 2100 734 2170 balneo
784 2098 1175 2168 sudantibus
1221 2098 1575 2186 dimidium
1629 2123 1708 2167 ex
1757 2096 1987 2188 relicto
2038 2100 2277 2168 iterum
2335 2087 2526 2169 dedit
2565 2126 2582 2168 ε

376 2245 380 2251 ’
494 2272 650 2315 mox
685 2269 724 2315 a
760 2243 999 2328 balneo
1039 2211 1416 2337 reliquum,
1453 2267 1578 2338 pro
1631 2267 1893 2313 summo
1939 2242 2207 2364 autffTliO.
2263 2245 2581 2314 Farinam

493 2390 631 2461 feni
675 2390 874 2492 graeci
906 2413 1060 2459 cum
1101 2387 1395 2478 hordeo,
1430 2402 1546 2457 aut
1582 2386 1701 2457 lini
1743 2388 1989 2458 semine
2021 2386 2362 2458 decoctam
2402 2414 2579 2485 aqua

373 2589 381 2599 ,
494 2534 704 2606 mulsa
756 2548 990 2604 contra
1038 2534 1253 2604 vulvae
1303 2534 1633 2603 cruciatus
1684 2531 1989 2627 subjecit.
2036 2536 2206 2603 Item
2258 2534 2580 2629 imposuit

496 2684 633 2750 imo
670 2682 905 2750 ventri.
947 2684 1237 2775 Lepras‚
1277 2676 1628 2775 lentigines
1649 2730 1668 2767 ,
1704 2644 2050 2773 sulphuris
2086 2679 2230 2773 pari
2270 2682 2579 2774 portione

490 2826 698 2897 mixta
737 2825 950 2895 farina
985 2825 1278 2911 curavit,
1311 2825 1493 2893 nitro
1526 2837 1681 2892 ante
1721 2836 2091 2917 praeparata
2122 2837 2303 2913 cute,
2323 2826 2575 2920 ‚saepius

492 2972 599 3041 die
640 2970 940 3059 illinenS,
981 2968 1399 3081 perungique
1438 2969 1821 3062 prohibens.
1861 3002 1866 3005 v

549 3679 555 3685 ³
586 3590 974 3664 Theodorus
1017 3595 1170 3666 feno
1210 3598 1475 3667 miscuit
1517 3598 1820 3696 q'uart'am
1857 3597 2417 3694 partem-purgati
2455 3621 2568 3664 na-

493 3737 714 3806 sturtii
741 3739 1066 3808 acerrimo
1095 3755 1281 3810 aceto
1313 3740 1405 3809 ad·
1437 3740 1671 3837 lepras,
1705 3745 1969 3811 Damon
2004 3767 2227 3813 semen
2256 3741 2388 3810 feni
2426 3764 2565 3809 ace-

486 3878 698 3948 tabuli
725 3879 978 3949 dimidii
1009 3906 1315 3953 mensura
1350 3909 1504 3954 cum
1531 3910 1705 3980 sapae
1735 3886 1799 3954 'et
1834 3912 2020 3980 aquae
2049 3911 2287 3955 novem
2315 3883 2567 3978 cyathis

484 4021 570 4091 ad
608 4020 866 4094 menses
901 4000 1167 4131 ciendos
1207 4024 1391 4096 dedit
1433 4044 1620 4124 potu.
1662 4032 1803 4101 Nec
1838 4031 2212 4120 dubitatur,
2254 4030 2418 4123 quin
2458 4028 2566 4096 de-
