2846 4869
460 404 576 464 358
891 403 954 461 C.
995 402 1068 459 Pl
1100 402 1238 459 an
1276 400 1471 458 HIST.
1515 398 1687 456 ΜΤ.
1729 397 1871 453 LIB.
1892 397 2077 454 XXV.

459 536 625 604 mini
658 549 725 604 et
760 530 932 603 foliis
968 530 1463 625 refrigeratoria
1500 531 1598 598 vis
1629 555 1644 597 ε
1685 552 1856 622 quos
1890 540 2166 613 enecat,
2210 526 2554 621 incipiunt·

461 677 683 774 algere
718 679 802 747 ab
842 675 1373 748 extremitatibus
1410 674 1728 769 corporis.
1763 671 2079 743 Remedio
2122 685 2220 741 est
2248 723 2269 760 ,
2320 672 2542 765 prius-

467 848 667 920 quam
707 823 1056 918 perveniat
1107 820 1194 890 ad
1246 816 1474 889 vitalia
1495 873 1515 906 ‚
1578 820 1715 887 vini
1764 832 2004 887 natura
2056 815 2544 887 excalfactoria.
2644 803 2653 809 ¹

461 965 591 1038 Sed
648 966 721 1036 in
772 965 932 1034 vino
974 978 1132 1058 pota
1152 1014 1172 1050 ,
1231 960 1742 1035 irremediabilis
1797 961 2233 1033 existimatur.
2290 963 2548 1031 Succus

464 1096 861 1202 exprimitur
912 1103 1089 1174 foliis
1131 1102 1573 1196 floribusque,
1616 1115 1778 1171 tuuc
1821 1103 1999 1172 enim
2038 1103 2326 1172 maxime
2377 1116 2549 1171 tem-

464 1251 758 1346 pestivus
793 1262 913 1318 est.
952 1248 1218 1317 Semine
1250 1246 1410 1315 trito
1448 1270 1825 1341 expressus,
1862 1259 1928 1313 et
1961 1242 2098 1313 sole
2130 1243 2445 1314 densatus
2477 1245 2545 1313 in

463 1393 766 1492 pastillos
789 1447 808 1479 ,
846 1407 1038 1462 necat
1075 1392 1399 1486 sanguine
1438 1389 1805 1487 spissando,
1842 1392 1998 1459 Haec
2039 1387 2250 1459 altera
2290 1390 2408 1458 viS.
2462 1394 2549 1460 Et
2583 1404 2608 1423 ⁹

467 1538 617 1609 ideo
649 1537 744 1607 sic
786 1549 1176 1607 necatorum
1216 1532 1492 1605 maculae
1527 1534 1608 1609 in,
1640 1532 2030 1627 corporibus
2063 1547 2411 1628 apparent.

565 1993 670 2064 Ad
701 1993 1089 2064 resolvenda
1117 1993 1596 2065 medicamenta
1620 2009 1904 2064 utuntur
1923 1992 2040 2064 illo
2068 2019 2192 2090 pro
2225 2018 2421 2088 aqua.
2443 1995 2548 2063 Fit

466 2161 545 2206 ex
573 2161 653 2206 eo
685 2136 768 2204 ad
799 2136 1326 2231 refrigerandum
1354 2139 1768 2208 stomachum
1794 2137 2141 2233 malagma.
2164 2139 2549 2233 Praecipuus

467 2296 688 2350 tamen
730 2279 815 2349 ad
866 2280 1265 2350 cohibendas
1313 2284 1667 2378 epiphoras
1719 2285 1975 2353 aestivas
2000 2337 2019 2371 ,
2062 2282 2550 2378 oculorumque

424 2445 432 2450 ·
469 2422 734 2498 dolores
763 2425 1094 2498 sedandos
1125 2425 1563 2498 circumlitus.
1592 2430 1918 2499 Miscetur
1946 2425 2256 2523 collyriis,
2282 2445 2354 2499 et
2387 2427 2549 2500 alios

468 2591 700 2641 omnes
741 2572 1252 2642 rheumatismos
1302 2572 1591 2641 cohibet.
1658 2570 1845 2642 Folia
1896 2591 2163 2667 quoque
2216 2587 2548 2642 tumorem

469 2740 738 2784 omnem
765 2766 785 2803 ,
845 2712 1279 2808 doloremque
1302 2767 1321 2804 ‚
1377 2730 1447 2784 et
1485 2716 1842 2810 epiphoras
1892 2715 2141 2785 sedant.
2189 2715 2549 2787 Anaxilaus

422 2875 425 2884 '
468 2872 703 2928 auctor
735 2872 836 2929 est
858 2910 879 2948 ‚
913 2883 1233 2928 mammas
1268 2835 1307 2928 a
1339 2859 1721 2954 virginitate
1763 2857 2000 2947 illitas,
2023 2843 2305 2957 ‘semper
2340 2876 2545 2931 statu-

469 3027 596 3072 ras.
637 3001 841 3091 Quod
879 3014 1136 3072 certum
1185 3014 1287 3070 est
1309 3053 1330 3091 ‚
1386 3000 1491 3070 lac
1522 3023 2002 3096 puerperarum
2052 3004 2365 3073 mammis
2428 3007 2546 3073 im·

470 3146 684 3241 posita
702 3145 1102 3241 exstinguit,
1129 3148 1588 3239 Veneremque
1617 3146 1892 3215 testibus
1925 3147 2105 3216 circa
2128 3145 2541 3241 pubertatem

469 3287 652 3358 illita.

568 3904 885 3974 Remedia
935 3904 1355 4002 liberationi,
1403 3910 1647 4002 quibus
1698 3905 1986 4000 bibenda
2024 3920 2384 4003 censetur),
2407 3927 2533 3971 non

473 4046 779 4140 equidem
810 4051 1340 4145 praeceperimus.
1376 4054 1668 4123 Maxima
1708 4054 1805 4121 vis
1838 4065 2006 4122 natae
2042 4051 2228 4120 Susis
2261 4047 2532 4119 Partho·
