2846 4869
534 372 648 450 298
963 374 1025 430 C.
1068 374 1299 430 PLINII
1341 374 1535 431 HIST.
1578 376 1751 431 NAT.
1794 375 1931 431 LIB.
1961 377 2144 434 XXV.

416 507 419 512 ⁴
538 501 727 594 phaea
775 501 843 567 in
895 497 1226 570 Thessalia
1255 552 1276 588 ‚
1328 507 1542 570 amne
1567 505 1785 572 Peneo
1808 554 1827 591 ,
1884 479 2106 573 radice
2158 500 2346 592 alba,
2397 504 2586 598 capite

537 641 714 712 luteo
737 695 755 730 ‚
792 669 958 713 rosae
995 640 1473 739 magnitudine.
1549 629 1554 632 Δ

1010 1075 1358 1151 Euphorbiae
1385 1031 1604 1151 genera·
1628 1093 1680 1133 n
1693 1118 1710 1148 ‚
1748 1075 2043 1134 medicine
2080 1079 2162 1133 iv.
2189 1097 2205 1135 )

630 1284 1012 1354 XXXVIII.
1070 1286 1336 1354 Invenit
1390 1299 1458 1354 et
1513 1300 1780 1379 patrum
1830 1300 2212 1355 nestrorum
2264 1297 2445 1352 aetate
2487 1307 2584 1351 rex

534 1433 572 1496 J
577 1428 740 1510 uba,
770 1450 971 1519 quam
1014 1426 1376 1523 appellavit
1415 1429 1890 1532 euphorbiam7
1915 1427 2153 1496 medici
2187 1429 2291 1496 sui
2321 1426 2581 1495 nomine.

533 1573 769 1637 Frater
809 1571 860 1636 is
899 1569 1027 1639 fuit
1062 1573 1308 1659 Musae,
1341 1596 1380 1638 a
1416 1596 1552 1664 quo
1593 1570 1823 1640 divum
1863 1572 2236 1665 Augustum
2268 1593 2583 1638 conserva-

539 1729 683 1782 tum
749 1713 1206 1784 indicavimus,
1269 1714 1481 1783 Iidem
1545 1714 1778 1784 fratres
1845 1716 2188 1784 instituere
2247 1739 2288 1783 a
2339 1713 2589 1783 balineis

490 1875 495 1882 ’
536 1855 773 1950 fiyigida
811 1856 1022 1925 multa
1053 1881 1338 1949 corpora
1369 1856 1804 1951 adstringere.
1831 1862 2054 1930 Antea
2085 1884 2221 1928 non
2251 1874 2394 1929 erat
2429 1883 2589 1944 mos„

534 1975 663 2067 nisi
708 1998 924 2068 calida
973 2013 1237 2067 tantum
1281 1997 1524 2086 lavari,
1571 2003 1740 2069 sieut
1771 2001 1962 2095 apud
2010 2006 2377 2071 Homerum
2423 2004 2592 2071 etiam

540 2141 935 2211 invenimus,
999 2140 1130 2209 Sed
1185 2142 1372 2210 Jubae
1426 2141 1739 2212 volumen
1765 2117 1772 2122 .
1798 2168 2064 2237 quoque
2124 2159 2336 2213 exstat
2398 2145 2477 2213 de
2530 2168 2593 2213 ea

535 2283 738 2353 herba
767 2335 788 2372 ‚
843 2298 911 2351 et
959 2282 1214 2353 clarum
1269 2288 1701 2379 praeconium.
1754 2288 2020 2355 Invenit
2070 2312 2217 2357 eam
2269 2289 2341 2357 in
2394 2302 2593 2358 monte

533 2427 812 2509 ‚Atlante
843 2430 1118 2523 :specie
1154 2429 1402 2524 thyrsi,
1444 2429 1619 2501 foliis
1661 2434 2052 2519 acanthinis.
2101 2436 2223 2503 Vis
2267 2450 2451 2505 tanta
2480 2450 2594 2522 est,

541 2587 616 2642 ut
644 2597 682 2640 e
715 2548 1085 2666 longinquo
1119 2598 1354 2643 succus
1383 2566 1755 2672 excipiatur
1786 2602 1802 2645 ε
1829 2577 2052 2646 ineisae
2078 2593 2311 2667 conto,
2344 2579 2594 2648 subditis

537 2708 854 2812 excipulis
899 2715 1275 2813 ventriculo'
1320 2718 1592 2789 hoedino
1616 2772 1635 2810 ,
1683 2694 1931 2791 'humior
1978 2721 2169 2792 lactis
2219 2723 2475 2794 videtur
2512 2724 2591 2793 ef-

539 2862 745 2935 fluere
784 2886 799 2928 :
841 2840 1122 2949 siccatns
1159 2887 1368 2956 quum
1410 2865 1603 2953 coiit,
1644 2866 1859 2937 thuris
1902 2865 2191 2962 effigiem
2232 2868 2449 2937 habet.

638 3346 776 3434 Qui
808 3344 1135 3441 colligunt
1155 3397 1175 3434 ,
1213 3343 1457 3414 clarius
1500 3344 1746 3417 vident.
1804 3324 2058 3416 Centra
2089 3342 2436 3440 [serpentes
2474 3366 2593 3412 me-

469 3487 472 3491 ’
542 3479 758 3569 detur,
794 3504 1213 3575 quacumque
1248 3494 1436 3574 parte
1469 3478 1775 3574 pereussa
1802 3505 1818 3549 :
1850 3484 2095 3551 vertice
2124 3483 2362 3569 incise,
2390 3494 2453 3550 et
2479 3501 2596 3547 me·

540 3616 920 3687 dicainento
958 3618 1204 3687 addito.
1240 3619 1342 3686 Ibi
1372 3617 1651 3707 Gaetuli,
1690 3619 1808 3712 qui
1841 3617 2109 3715 legunt,
2145 3620 2413 3688 hoedino
2446 3615 2594 3684 lacte

539 3732 915 3830 adulterant
939 3782 957 3861 ³,
982 3756 1093 3826 sed
1125 3736 1524 3827 discernitur¹
1547 3754 1707 3852 igni.
1730 3734 1820 3826 Id'
1840 3760 2015 3828 enim
2032 3812 2056 3848 ‚‚
2077 3759 2259 3867 quqd
2292 3760 2596 3857 sincerum

544 3920 681 3964 non
706 3909 837 3982 est,
863 3893 1342 3964 fastidiendum
1366 3894 1643 3963 odorem
1668 3894 1892 3964 habet.
1920 3895 2221 3965 Multum
2250 3895 2414 3964 infra
2440 3893 2596 3960 hunc

536 4055 807 4099 succum
848 4044 982 4119 est,
1022 4031 1141 4124 qui
1178 4030 1246 4098 in
1304 4027 1525 4100 Gallia
1565 4028 1643 4098 fit
1684 4055 1763 4099 ex
1802 4031 2008 4100 herba
2045 4029 2391 4102 chamelaea
2411 4080 2430 4117 ,
2470 4048 2595 4121 gra·
