<?xml version="1.0" encoding="UTF-8"?>
<!DOCTYPE html PUBLIC "-//W3C//DTD XHTML 1.0 Transitional//EN"
    "http://www.w3.org/TR/xhtml1/DTD/xhtml1-transitional.dtd">
<html xmlns="http://www.w3.org/1999/xhtml" xml:lang="en" lang="en">
 <head>
  <title>
</title>
<meta http-equiv="Content-Type" content="text/html;charset=utf-8" />
  <meta name='ocr-system' content='tesseract 3.04.00' />
  <meta name='ocr-capabilities' content='ocr_page ocr_carea ocr_par ocr_line ocrx_word'/>
</head>
<body>
  <div class='ocr_page' id='page_1' title='image "./histoirenaturel01grangoog_0106.png"; bbox 0 0 2846 4869; ppageno 0'>
   <div class='ocr_carea' id='block_1_1' title="bbox 473 334 2704 1776">
    <p class='ocr_par' dir='ltr' id='par_1_1' title="bbox 473 334 2211 463">
     <span class='ocr_line' id='line_1_1' title="bbox 473 334 2211 463; baseline 0.001 -20"><span class='ocrx_word' id='word_1_1' title='bbox 473 334 481 344; x_wconf 83' lang='lat'><strong><em>‘</em></strong></span> <span class='ocrx_word' id='word_1_2' title='bbox 550 389 628 463; x_wconf 86' lang='lat'>96</span> <span class='ocrx_word' id='word_1_3' title='bbox 988 386 1060 448; x_wconf 89' lang='lat' dir='ltr'>C.</span> <span class='ocrx_word' id='word_1_4' title='bbox 1092 386 1325 442; x_wconf 82' lang='lat' dir='ltr'>PL1N11</span> <span class='ocrx_word' id='word_1_5' title='bbox 1365 384 1555 440; x_wconf 77' lang='lat' dir='ltr'><strong>HIST.</strong></span> <span class='ocrx_word' id='word_1_6' title='bbox 1601 384 1769 441; x_wconf 85' lang='lat' dir='ltr'><strong>NA&#39;I&#39;.</strong></span> <span class='ocrx_word' id='word_1_7' title='bbox 1814 385 1952 442; x_wconf 88' lang='lat' dir='ltr'><strong>LIB.</strong></span> <span class='ocrx_word' id='word_1_8' title='bbox 1994 386 2211 446; x_wconf 83' lang='lat' dir='ltr'><strong>XXIV.</strong></span> 
     </span>
    </p>

    <p class='ocr_par' dir='ltr' id='par_1_2' title="bbox 550 509 2704 896">
     <span class='ocr_line' id='line_1_2' title="bbox 553 509 2611 606; baseline 0 -24"><span class='ocrx_word' id='word_1_9' title='bbox 553 511 770 582; x_wconf 81' lang='lat' dir='ltr'>media</span> <span class='ocrx_word' id='word_1_10' title='bbox 807 510 1059 606; x_wconf 80' lang='lat' dir='ltr'>splenis</span> <span class='ocrx_word' id='word_1_11' title='bbox 1092 527 1162 581; x_wconf 83' lang='lat' dir='ltr'>et</span> <span class='ocrx_word' id='word_1_12' title='bbox 1211 510 1579 579; x_wconf 82' lang='lat' dir='ltr'>inflationes</span> <span class='ocrx_word' id='word_1_13' title='bbox 1602 561 1621 598; x_wconf 92' lang='lat'>,</span> <span class='ocrx_word' id='word_1_14' title='bbox 1655 509 1964 588; x_wconf 85' lang='lat' dir='ltr'>conditus</span> <span class='ocrx_word' id='word_1_15' title='bbox 2005 536 2086 581; x_wconf 86' lang='lat' dir='ltr'>ex</span> <span class='ocrx_word' id='word_1_16' title='bbox 2128 527 2313 582; x_wconf 90' lang='lat' dir='ltr'>aceto</span> <span class='ocrx_word' id='word_1_17' title='bbox 2353 513 2611 582; x_wconf 88' lang='lat' dir='ltr'>mandi·</span> 
     </span>
     <span class='ocr_line' id='line_1_3' title="bbox 553 617 2704 747; baseline 0.001 -24"><span class='ocrx_word' id='word_1_18' title='bbox 553 669 681 723; x_wconf 89' lang='lat' dir='ltr'>tur.</span> <span class='ocrx_word' id='word_1_19' title='bbox 714 655 974 725; x_wconf 90' lang='lat' dir='ltr'>Nervus</span> <span class='ocrx_word' id='word_1_20' title='bbox 1008 653 1065 747; x_wconf 91' lang='lat' dir='ltr'>ej</span> <span class='ocrx_word' id='word_1_21' title='bbox 1077 678 1150 722; x_wconf 91' lang='lat' dir='ltr'>us</span> <span class='ocrx_word' id='word_1_22' title='bbox 1184 677 1336 722; x_wconf 91' lang='lat' dir='ltr'>cum</span> <span class='ocrx_word' id='word_1_23' title='bbox 1375 617 1692 721; x_wconf 87' lang='lat' dir='ltr'>mastiche</span> <span class='ocrx_word' id='word_1_24' title='bbox 1722 652 1890 722; x_wconf 90' lang='lat' dir='ltr'>Chia</span> <span class='ocrx_word' id='word_1_25' title='bbox 1922 654 2503 725; x_wconf 83' lang='lat' dir='ltr'><strong>commanducatus</strong></span> <span class='ocrx_word' id='word_1_26' title='bbox 2541 679 2612 725; x_wconf 89' lang='lat' dir='ltr'>os</span> <span class='ocrx_word' id='word_1_27' title='bbox 2695 667 2704 684; x_wconf 63' lang='lat'>³</span> 
     </span>
     <span class='ocr_line' id='line_1_4' title="bbox 550 815 808 896; baseline -0.008 -27"><span class='ocrx_word' id='word_1_28' title='bbox 550 815 808 896; x_wconf 84' lang='lat' dir='ltr'>purgat.</span> 
     </span>
    </p>

    <p class='ocr_par' dir='ltr' id='par_1_3' title="bbox 547 957 2614 1776">
     <span class='ocr_line' id='line_1_5' title="bbox 643 957 2614 1054; baseline 0.001 -24"><span class='ocrx_word' id='word_1_29' title='bbox 643 959 988 1030; x_wconf 86' lang='lat' dir='ltr'>Ruborum</span> <span class='ocrx_word' id='word_1_30' title='bbox 1020 983 1173 1028; x_wconf 81' lang='lat' dir='ltr'>rosa</span> <span class='ocrx_word' id='word_1_31' title='bbox 1205 957 1532 1053; x_wconf 13' lang='lat' dir='ltr'>alopecias*</span> <span class='ocrx_word' id='word_1_32' title='bbox 1559 982 1710 1028; x_wconf 89' lang='lat' dir='ltr'>cum</span> <span class='ocrx_word' id='word_1_33' title='bbox 1746 962 2031 1054; x_wconf 80' lang='lat' dir='ltr'>axungia</span> <span class='ocrx_word' id='word_1_34' title='bbox 2065 961 2392 1031; x_wconf 82' lang='lat' dir='ltr'>emendat.</span> <span class='ocrx_word' id='word_1_35' title='bbox 2418 965 2614 1034; x_wconf 87' lang='lat' dir='ltr'>Mora</span> 
     </span>
     <span class='ocr_line' id='line_1_6' title="bbox 547 1102 2613 1202; baseline 0 -29"><span class='ocrx_word' id='word_1_36' title='bbox 547 1103 859 1198; x_wconf 86' lang='lat' dir='ltr'>capillum</span> <span class='ocrx_word' id='word_1_37' title='bbox 914 1105 1180 1197; x_wconf 80' lang='lat' dir='ltr'>tingunt</span> <span class='ocrx_word' id='word_1_38' title='bbox 1216 1128 1384 1202; x_wconf 35' lang='lat' dir='ltr'>lcum</span> <span class='ocrx_word' id='word_1_39' title='bbox 1427 1104 1825 1197; x_wconf 82' lang='lat' dir='ltr'>omphacino</span> <span class='ocrx_word' id='word_1_40' title='bbox 1863 1102 2029 1173; x_wconf 88' lang='lat' dir='ltr'>ole0.</span> <span class='ocrx_word' id='word_1_41' title='bbox 2073 1102 2225 1174; x_wconf 89' lang='lat' dir='ltr'><strong>Flos</strong></span> <span class='ocrx_word' id='word_1_42' title='bbox 2276 1110 2448 1174; x_wconf 91' lang='lat' dir='ltr'>mori</span> <span class='ocrx_word' id='word_1_43' title='bbox 2494 1131 2613 1200; x_wconf 87' lang='lat' dir='ltr'>per</span> 
     </span>
     <span class='ocr_line' id='line_1_7' title="bbox 549 1233 2614 1348; baseline 0.002 -33"><span class='ocrx_word' id='word_1_44' title='bbox 549 1233 791 1316; x_wconf 85' lang='lat' dir='ltr'>messes</span> <span class='ocrx_word' id='word_1_45' title='bbox 849 1244 1203 1342; x_wconf 85' lang='lat' dir='ltr'>colligitur.</span> <span class='ocrx_word' id='word_1_46' title='bbox 1269 1245 1614 1340; x_wconf 86' lang='lat' dir='ltr'>Candidus</span> <span class='ocrx_word' id='word_1_47' title='bbox 1678 1244 2042 1348; x_wconf 78' lang='lat' dir='ltr'>pleuriticis</span> <span class='ocrx_word' id='word_1_48' title='bbox 2098 1248 2469 1344; x_wconf 63' lang='lat' dir='ltr'>praecipuus</span> <span class='ocrx_word' id='word_1_49' title='bbox 2533 1277 2614 1320; x_wconf 78' lang='lat' dir='ltr'>ex</span> 
     </span>
     <span class='ocr_line' id='line_1_8' title="bbox 547 1387 2612 1484; baseline 0.002 -26"><span class='ocrx_word' id='word_1_50' title='bbox 547 1394 703 1459; x_wconf 87' lang='lat' dir='ltr'>vino</span> <span class='ocrx_word' id='word_1_51' title='bbox 752 1404 951 1484; x_wconf 89' lang='lat' dir='ltr'>potus</span> <span class='ocrx_word' id='word_1_52' title='bbox 973 1442 990 1477; x_wconf 90' lang='lat'>,</span> <span class='ocrx_word' id='word_1_53' title='bbox 1044 1393 1200 1458; x_wconf 89' lang='lat' dir='ltr'>item</span> <span class='ocrx_word' id='word_1_54' title='bbox 1252 1387 1556 1459; x_wconf 76' lang='lat' dir='ltr'>coeliacis,</span> <span class='ocrx_word' id='word_1_55' title='bbox 1614 1389 1830 1459; x_wconf 83' lang='lat' dir='ltr'>Radix</span> <span class='ocrx_word' id='word_1_56' title='bbox 1883 1391 1968 1460; x_wconf 90' lang='lat' dir='ltr'>ad</span> <span class='ocrx_word' id='word_1_57' title='bbox 2022 1394 2248 1462; x_wconf 86' lang='lat' dir='ltr'>tertias</span> <span class='ocrx_word' id='word_1_58' title='bbox 2295 1392 2567 1462; x_wconf 85' lang='lat' dir='ltr'>decocta</span> <span class='ocrx_word' id='word_1_59' title='bbox 2591 1446 2612 1482; x_wconf 82' lang='lat'>,</span> 
     </span>
     <span class='ocr_line' id='line_1_9' title="bbox 548 1534 2613 1629; baseline 0.001 -25"><span class='ocrx_word' id='word_1_60' title='bbox 548 1535 772 1605; x_wconf 88' lang='lat' dir='ltr'>alvum</span> <span class='ocrx_word' id='word_1_61' title='bbox 809 1536 979 1604; x_wconf 83' lang='lat' dir='ltr'>sistit</span> <span class='ocrx_word' id='word_1_62' title='bbox 1002 1587 1024 1624; x_wconf 83' lang='lat'>,</span> <span class='ocrx_word' id='word_1_63' title='bbox 1074 1551 1142 1604; x_wconf 87' lang='lat' dir='ltr'>et</span> <span class='ocrx_word' id='word_1_64' title='bbox 1188 1536 1579 1629; x_wconf 83' lang='lat' dir='ltr'>sanguinem</span> <span class='ocrx_word' id='word_1_65' title='bbox 1625 1560 1640 1603; x_wconf 73' lang='grc' dir='ltr'><strong>ε</strong></span> <span class='ocrx_word' id='word_1_66' title='bbox 1690 1536 1847 1604; x_wconf 88' lang='lat' dir='ltr'>item</span> <span class='ocrx_word' id='word_1_67' title='bbox 1899 1535 2127 1605; x_wconf 86' lang='lat' dir='ltr'>dentes</span> <span class='ocrx_word' id='word_1_68' title='bbox 2176 1534 2456 1607; x_wconf 88' lang='lat' dir='ltr'>collutos</span> <span class='ocrx_word' id='word_1_69' title='bbox 2497 1537 2613 1606; x_wconf 90' lang='lat' dir='ltr'>de-</span> 
     </span>
     <span class='ocr_line' id='line_1_10' title="bbox 547 1655 2611 1776; baseline 0.001 -28"><span class='ocrx_word' id='word_1_70' title='bbox 547 1655 753 1748; x_wconf 85' lang='lat' dir='ltr'>cocto.</span> <span class='ocrx_word' id='word_1_71' title='bbox 793 1679 1042 1749; x_wconf 90' lang='lat' dir='ltr'>Eodem</span> <span class='ocrx_word' id='word_1_72' title='bbox 1078 1703 1273 1748; x_wconf 91' lang='lat' dir='ltr'>succo</span> <span class='ocrx_word' id='word_1_73' title='bbox 1302 1663 1614 1748; x_wconf 78' lang='lat' dir='ltr'>foventur</span> <span class='ocrx_word' id='word_1_74' title='bbox 1653 1677 1822 1750; x_wconf 89' lang='lat' dir='ltr'>sedis</span> <span class='ocrx_word' id='word_1_75' title='bbox 1857 1694 2055 1774; x_wconf 92' lang='lat' dir='ltr'>atque</span> <span class='ocrx_word' id='word_1_76' title='bbox 2088 1680 2471 1776; x_wconf 83' lang='lat' dir='ltr'>genitalium</span> <span class='ocrx_word' id='word_1_77' title='bbox 2510 1681 2611 1751; x_wconf 88' lang='lat' dir='ltr'>ul-</span> 
     </span>
    </p>
   </div>
   <div class='ocr_carea' id='block_1_2' title="bbox 547 1822 1874 1919">
    <p class='ocr_par' dir='ltr' id='par_1_4' title="bbox 547 1822 1874 1919">
     <span class='ocr_line' id='line_1_11' title="bbox 547 1822 1874 1919; baseline -0.002 -24"><span class='ocrx_word' id='word_1_78' title='bbox 547 1851 712 1895; x_wconf 88' lang='lat' dir='ltr'>cera.</span> <span class='ocrx_word' id='word_1_79' title='bbox 752 1825 937 1895; x_wconf 84' lang='lat' dir='ltr'>Ciuis</span> <span class='ocrx_word' id='word_1_80' title='bbox 978 1850 1015 1893; x_wconf 89' lang='lat' dir='ltr'>e</span> <span class='ocrx_word' id='word_1_81' title='bbox 1052 1822 1270 1893; x_wconf 90' lang='lat' dir='ltr'>radice</span> <span class='ocrx_word' id='word_1_82' title='bbox 1311 1822 1621 1919; x_wconf 87' lang='lat' dir='ltr'>deprimit</span> <span class='ocrx_word' id='word_1_83' title='bbox 1659 1849 1874 1894; x_wconf 87' lang='lat' dir='ltr'>uvam.</span> 
     </span>
    </p>
   </div>
   <div class='ocr_carea' id='block_1_3' title="bbox 1374 2396 1745 2453">
    <p class='ocr_par' dir='ltr' id='par_1_5' title="bbox 1374 2396 1745 2453">
     <span class='ocr_line' id='line_1_12' title="bbox 1374 2396 1745 2453; baseline 0.005 -2"><span class='ocrx_word' id='word_1_84' title='bbox 1374 2396 1547 2452; x_wconf 88' lang='lat' dir='ltr'>Ruho</span> <span class='ocrx_word' id='word_1_85' title='bbox 1583 2396 1745 2453; x_wconf 85' lang='lat' dir='ltr'>idaeo.</span> 
     </span>
    </p>
   </div>
   <div class='ocr_carea' id='block_1_4' title="bbox 536 2586 2608 3260">
    <p class='ocr_par' dir='ltr' id='par_1_6' title="bbox 536 2586 2608 3260">
     <span class='ocr_line' id='line_1_13' title="bbox 582 2586 2608 2683; baseline 0 -25"><span class='ocrx_word' id='word_1_86' title='bbox 582 2670 585 2675; x_wconf 5' lang='lat' dir='ltr'>p</span> <span class='ocrx_word' id='word_1_87' title='bbox 634 2590 906 2658; x_wconf 88' lang='lat' dir='ltr'>LXXV.</span> <span class='ocrx_word' id='word_1_88' title='bbox 945 2586 1158 2656; x_wconf 82' lang='lat' dir='ltr'>Idaeus</span> <span class='ocrx_word' id='word_1_89' title='bbox 1198 2590 1402 2657; x_wconf 87' lang='lat' dir='ltr'>rubus</span> <span class='ocrx_word' id='word_1_90' title='bbox 1442 2587 1803 2683; x_wconf 85' lang='lat' dir='ltr'>appellatus</span> <span class='ocrx_word' id='word_1_91' title='bbox 1840 2605 1977 2671; x_wconf 83' lang='lat' dir='ltr'>est,</span> <span class='ocrx_word' id='word_1_92' title='bbox 2021 2589 2333 2682; x_wconf 87' lang='lat' dir='ltr'>quoniam</span> <span class='ocrx_word' id='word_1_93' title='bbox 2368 2589 2441 2656; x_wconf 89' lang='lat' dir='ltr'>in</span> <span class='ocrx_word' id='word_1_94' title='bbox 2486 2589 2608 2658; x_wconf 89' lang='lat' dir='ltr'>Ida</span> 
     </span>
     <span class='ocr_line' id='line_1_14' title="bbox 542 2728 2607 2820; baseline 0 -20"><span class='ocrx_word' id='word_1_95' title='bbox 542 2756 676 2800; x_wconf 91' lang='lat' dir='ltr'>non</span> <span class='ocrx_word' id='word_1_96' title='bbox 711 2731 875 2801; x_wconf 88' lang='lat' dir='ltr'>alius</span> <span class='ocrx_word' id='word_1_97' title='bbox 915 2733 1229 2801; x_wconf 88' lang='lat' dir='ltr'>nascitur.</span> <span class='ocrx_word' id='word_1_98' title='bbox 1263 2728 1381 2802; x_wconf 89' lang='lat' dir='ltr'>Est</span> <span class='ocrx_word' id='word_1_99' title='bbox 1420 2748 1638 2801; x_wconf 87' lang='lat' dir='ltr'>autem</span> <span class='ocrx_word' id='word_1_100' title='bbox 1683 2735 1969 2804; x_wconf 86' lang='lat' dir='ltr'>tenerior</span> <span class='ocrx_word' id='word_1_101' title='bbox 2010 2759 2087 2802; x_wconf 92' lang='lat' dir='ltr'>ac</span> <span class='ocrx_word' id='word_1_102' title='bbox 2123 2735 2362 2820; x_wconf 85' lang='lat' dir='ltr'>minor,</span> <span class='ocrx_word' id='word_1_103' title='bbox 2396 2735 2607 2809; x_wconf 89' lang='lat' dir='ltr'>rario-</span> 
     </span>
     <span class='ocr_line' id='line_1_15' title="bbox 539 2876 2607 2971; baseline 0.002 -27"><span class='ocrx_word' id='word_1_104' title='bbox 539 2877 721 2945; x_wconf 83' lang='lat' dir='ltr'>ribus</span> <span class='ocrx_word' id='word_1_105' title='bbox 762 2876 1030 2945; x_wconf 87' lang='lat' dir='ltr'>calamis</span> <span class='ocrx_word' id='word_1_106' title='bbox 1070 2876 1768 2971; x_wconf 85' lang='lat' dir='ltr'>innocentioribusque</span> <span class='ocrx_word' id='word_1_107' title='bbox 1787 2930 1804 2965; x_wconf 90' lang='lat'>,</span> <span class='ocrx_word' id='word_1_108' title='bbox 1849 2878 1971 2947; x_wconf 90' lang='lat' dir='ltr'>sub</span> <span class='ocrx_word' id='word_1_109' title='bbox 2012 2879 2326 2968; x_wconf 83' lang='lat' dir='ltr'>arborum</span> <span class='ocrx_word' id='word_1_110' title='bbox 2367 2880 2607 2948; x_wconf 86' lang='lat' dir='ltr'>umbra</span> 
     </span>
     <span class='ocr_line' id='line_1_16' title="bbox 538 3003 2606 3119; baseline 0 -31"><span class='ocrx_word' id='word_1_111' title='bbox 538 3044 831 3091; x_wconf 85' lang='lat' dir='ltr'>nascens.</span> <span class='ocrx_word' id='word_1_112' title='bbox 860 3003 1077 3113; x_wconf 89' lang='lat' dir='ltr'>Hujus</span> <span class='ocrx_word' id='word_1_113' title='bbox 1098 3019 1218 3089; x_wconf 89' lang='lat' dir='ltr'>flos</span> <span class='ocrx_word' id='word_1_114' title='bbox 1245 3042 1398 3089; x_wconf 90' lang='lat' dir='ltr'>cum</span> <span class='ocrx_word' id='word_1_115' title='bbox 1422 3019 1985 3116; x_wconf 20' lang='lat' dir='ltr'>melle‘epiph&#39;oris</span> <span class='ocrx_word' id='word_1_116' title='bbox 2014 3022 2313 3110; x_wconf 87' lang='lat' dir='ltr'>illinitur,</span> <span class='ocrx_word' id='word_1_117' title='bbox 2343 3023 2606 3119; x_wconf 84' lang='lat' dir='ltr'>etigni-</span> 
     </span>
     <span class='ocr_line' id='line_1_17' title="bbox 536 3164 2599 3260; baseline 0.002 -28"><span class='ocrx_word' id='word_1_118' title='bbox 536 3165 660 3232; x_wconf 88' lang='lat' dir='ltr'>bus</span> <span class='ocrx_word' id='word_1_119' title='bbox 714 3166 914 3233; x_wconf 90' lang='lat' dir='ltr'>sacris</span> <span class='ocrx_word' id='word_1_120' title='bbox 962 3191 977 3232; x_wconf 74' lang='grc' dir='ltr'><strong><em>ε</em></strong></span> <span class='ocrx_word' id='word_1_121' title='bbox 1027 3166 1579 3260; x_wconf 83' lang='lat' dir='ltr'>stomachicisque</span> <span class='ocrx_word' id='word_1_122' title='bbox 1638 3192 1717 3234; x_wconf 87' lang='lat' dir='ltr'>ex</span> <span class='ocrx_word' id='word_1_123' title='bbox 1770 3190 1939 3260; x_wconf 80' lang='lat' dir='ltr'>aqua</span> <span class='ocrx_word' id='word_1_124' title='bbox 1993 3164 2322 3235; x_wconf 89' lang='lat' dir='ltr'>bibendus</span> <span class='ocrx_word' id='word_1_125' title='bbox 2372 3167 2599 3237; x_wconf 89' lang='lat' dir='ltr'>datur.</span> 
     </span>
    </p>
   </div>
   <div class='ocr_carea' id='block_1_5' title="bbox 531 3294 2030 3404">
    <p class='ocr_par' dir='ltr' id='par_1_7' title="bbox 531 3294 2030 3404">
     <span class='ocr_line' id='line_1_18' title="bbox 531 3294 2030 3404; baseline 0.001 -27"><span class='ocrx_word' id='word_1_126' title='bbox 531 3308 770 3378; x_wconf 84' lang='lat' dir='ltr'>Cetera</span> <span class='ocrx_word' id='word_1_127' title='bbox 807 3309 1037 3379; x_wconf 89' lang='lat' dir='ltr'>eadem</span> <span class='ocrx_word' id='word_1_128' title='bbox 1076 3294 1339 3403; x_wconf 81' lang='lat' dir='ltr'>praestat</span> <span class='ocrx_word' id='word_1_129' title='bbox 1360 3362 1379 3397; x_wconf 89' lang='lat'>‚</span> <span class='ocrx_word' id='word_1_130' title='bbox 1400 3324 1563 3403; x_wconf 82' lang='lat' dir='ltr'>‘quae</span> <span class='ocrx_word' id='word_1_131' title='bbox 1598 3335 1800 3404; x_wconf 91' lang='lat' dir='ltr'>supra</span> <span class='ocrx_word' id='word_1_132' title='bbox 1836 3309 2030 3379; x_wconf 89' lang='lat' dir='ltr'>dicta.</span> 
     </span>
    </p>
   </div>
   <div class='ocr_carea' id='block_1_6' title="bbox 1018 3544 2107 3620">
    <p class='ocr_par' dir='ltr' id='par_1_8' title="bbox 1018 3544 2107 3620">
     <span class='ocr_line' id='line_1_19' title="bbox 1018 3544 2107 3620; baseline 0.001 -20"><span class='ocrx_word' id='word_1_133' title='bbox 1018 3545 1265 3600; x_wconf 85' lang='lat' dir='ltr'>Rhamni</span> <span class='ocrx_word' id='word_1_134' title='bbox 1290 3562 1497 3620; x_wconf 85' lang='lat' dir='ltr'>genera</span> <span class='ocrx_word' id='word_1_135' title='bbox 1517 3586 1535 3615; x_wconf 88' lang='lat'>,</span> <span class='ocrx_word' id='word_1_136' title='bbox 1572 3563 1674 3615; x_wconf 79' lang='lat'>113·</span> <span class='ocrx_word' id='word_1_137' title='bbox 1696 3544 1989 3601; x_wconf 70' lang='lat' dir='ltr'>medicinae</span> <span class='ocrx_word' id='word_1_138' title='bbox 2007 3588 2025 3617; x_wconf 90' lang='lat'>,</span> <span class='ocrx_word' id='word_1_139' title='bbox 2054 3566 2107 3601; x_wconf 84' lang='lat' dir='ltr'>v.</span> 
     </span>
    </p>
   </div>
   <div class='ocr_carea' id='block_1_7' title="bbox 525 3738 2593 3970">
    <p class='ocr_par' dir='ltr' id='par_1_9' title="bbox 525 3738 2593 3970">
     <span class='ocr_line' id='line_1_20' title="bbox 626 3738 2591 3835; baseline 0.002 -30"><span class='ocrx_word' id='word_1_140' title='bbox 626 3739 930 3808; x_wconf 88' lang='lat' dir='ltr'><strong>LXXVI.</strong></span> <span class='ocrx_word' id='word_1_141' title='bbox 972 3740 1159 3806; x_wconf 88' lang='lat' dir='ltr'>Inter</span> <span class='ocrx_word' id='word_1_142' title='bbox 1208 3761 1450 3833; x_wconf 88' lang='lat' dir='ltr'>genera</span> <span class='ocrx_word' id='word_1_143' title='bbox 1490 3738 1814 3823; x_wconf 17' lang='lat' dir='ltr'>*ruborum</span> <span class='ocrx_word' id='word_1_144' title='bbox 1859 3741 2174 3811; x_wconf 90' lang='lat' dir='ltr'>rhamnos</span> <span class='ocrx_word' id='word_1_145' title='bbox 2215 3739 2591 3835; x_wconf 85' lang='lat' dir='ltr'>appellatur</span> 
     </span>
     <span class='ocr_line' id='line_1_21' title="bbox 525 3861 2593 3970; baseline 0.001 -19"><span class='ocrx_word' id='word_1_146' title='bbox 525 3861 578 3951; x_wconf 64' lang='lat' dir='ltr'>a.</span> <span class='ocrx_word' id='word_1_147' title='bbox 625 3881 874 3951; x_wconf 84' lang='lat' dir='ltr'>Graecis</span> <span class='ocrx_word' id='word_1_148' title='bbox 904 3933 923 3968; x_wconf 88' lang='lat'>‚</span> <span class='ocrx_word' id='word_1_149' title='bbox 980 3878 1336 3953; x_wconf 84' lang='lat' dir='ltr'>candidior.</span> <span class='ocrx_word' id='word_1_150' title='bbox 1376 3897 1444 3950; x_wconf 91' lang='lat' dir='ltr'>et</span> <span class='ocrx_word' id='word_1_151' title='bbox 1496 3881 1890 3953; x_wconf 88' lang='lat' dir='ltr'>fruticosior.</span> <span class='ocrx_word' id='word_1_152' title='bbox 1950 3886 2015 3952; x_wconf 92' lang='lat' dir='ltr'>Is</span> <span class='ocrx_word' id='word_1_153' title='bbox 2079 3884 2270 3954; x_wconf 85' lang='lat' dir='ltr'>floret</span> <span class='ocrx_word' id='word_1_154' title='bbox 2297 3936 2318 3970; x_wconf 88' lang='lat'>‚</span> <span class='ocrx_word' id='word_1_155' title='bbox 2374 3911 2593 3956; x_wconf 87' lang='lat' dir='ltr'>ramos</span> 
     </span>
    </p>
   </div>
   <div class='ocr_carea' id='block_1_8' title="bbox 524 4023 2596 4120">
    <p class='ocr_par' dir='ltr' id='par_1_10' title="bbox 524 4023 2596 4120">
     <span class='ocr_line' id='line_1_22' title="bbox 524 4023 2596 4120; baseline -0 -21"><span class='ocrx_word' id='word_1_156' title='bbox 524 4049 841 4120; x_wconf 68' lang='lat' dir='ltr'>spargens</span> <span class='ocrx_word' id='word_1_157' title='bbox 876 4025 1070 4094; x_wconf 89' lang='lat' dir='ltr'>rectis</span> <span class='ocrx_word' id='word_1_158' title='bbox 1107 4023 1385 4113; x_wconf 79' lang='lat' dir='ltr'>aculeis3</span> <span class='ocrx_word' id='word_1_159' title='bbox 1427 4050 1601 4114; x_wconf 86' lang='lat' dir='ltr'>non,</span> <span class='ocrx_word' id='word_1_160' title='bbox 1648 4042 1726 4096; x_wconf 89' lang='lat' dir='ltr'>ut</span> <span class='ocrx_word' id='word_1_161' title='bbox 1764 4030 1998 4115; x_wconf 85' lang='lat' dir='ltr'>ceteri,</span> <span class='ocrx_word' id='word_1_162' title='bbox 2040 4028 2315 4098; x_wconf 87' lang='lat' dir='ltr'>aduncis</span> <span class='ocrx_word' id='word_1_163' title='bbox 2357 4056 2374 4097; x_wconf 88' lang='lat'>:</span> <span class='ocrx_word' id='word_1_164' title='bbox 2407 4029 2596 4098; x_wconf 67' lang='lat' dir='ltr'>foliis</span> 
     </span>
    </p>
   </div>
  </div>
 </body>
</html>
