2846 4869
489 414 611 487 ,138
824 423 833 434 ·
919 417 983 473 e.
1025 418 1254 475 PL1N11
1282 379 1491 477 ‘ms‘lx
1533 418 1708 476 NAT.
1752 419 1895 475 Lm.
1938 417 2155 475 xxlv.

494 551 703 620 herba
727 601 746 635 ‚
786 550 1230 620 coriariorum
1268 549 1550 619 officinis
1589 563 1747 619 nota
1783 573 1799 615 z
1840 572 1915 617 ea
1949 544 2221 625 mularis
2259 559 2357 615 est
2390 541 2535 614 aliis
2560 595 2584 630 ,

500 658 730 763 aliisve
769 694 1170 763 nominibus.
1207 689 1456 764 Nomas
1492 705 1681 762 curat
1718 718 1735 761 ε
1775 657 2434 782 efficacissimamque
2464 687 2584 756 ad-

501 863 730 908 versus
777 840 1153 932 scorpiones
1191 862 1331 908 esse
1360 889 1379 924 ‚
1434 851 1661 931 potam
1709 838 1778 904 in
1824 835 1983 906 vino
2024 848 2144 904 aut
2198 856 2435 927 posca,
2484 855 2606 938 ‘9⁴1

492 984 700 1077 perio,

960 1212 1400 1291 Philanthropos
1419 1254 1436 1281 ‚
1475 1231 1527 1282 13
1555 1212 1727 1286 lappa
1756 1210 1981 1267 canaria
2006 1252 2023 1280 ‚
2067 1228 2138 1268 ιι.

596 1397 838 1464 CXVI.
864 1391 1396 1490 Philanthropon
1435 1395 1706 1464 herbam
1736 1395 1957 1464 Graeci
1989 1391 2327 1487 appellant
2358 1392 2585 1461 hirsu-

496 1555 631 1608 tam
655 1591 674 1628 ,
711 1540 1029 1634 quoniam
1065 1540 1358 1609 vestibus
1402 1538 1822 1609 adhaerescat.
1860 1541 1959 1607 Ex
1996 1538 2124 1607 hac
2163 1561 2413 1606 corona
2456 1538 2586 1606 im-

495 1685 713 1778 posita
744 1685 979 1777 capitis
1016 1681 1279 1753 dolores
1315 1682 1519 1752 sedat.

527 1857 537 1869 ·
591 1830 763 1898 Nam
809 1853 957 1923 quae
1003 1829 1270 1932 canaria
1310 1826 1689 1923 appellatur
1727 1825 1964 1923 lappa,
1998 1851 2151 1918 cum
2186 1823 2582 1921 plantagine

492 1989 555 2043 et
608 1972 949 2043 millefolio
1009 1975 1167 2042 trita
1227 1997 1307 2041 ex
1366 1974 1524 2041 vino
1582 1975 2032 2043 carcinomata
2082 1984 2272 2040 sanat
2298 2021 2317 2056 ‚
2366 1969 2582 2044 ternjs

493 2113 724 2188 diebu‘s
765 2115 999 2187 soluta.
1035 2111 1349 2218 Medetur
1391 2131 1459 2186 et
1506 2118 1734 2187 suibus
1771 2116 2009 2186 effossa
2056 2117 2196 2188 sine
2244 2113 2468 2203 ferro,
2520 2129 2588 2182 et

493 2259 716 2334 addita
757 2267 826 2333 in
866 2263 1221 2334 colluviem
1263 2266 1564 2359 poturis,
1600 2263 1705 2333 vel
1745 2289 1827 2333 ex
1865 2263 2036 2334 lacte
2071 2289 2148 2332 ac
2189 2263 2365 2331 vino.
2404 2263 2586 2350 Qui-

493 2408 641 2479 dam
687 2408 1005 2504 adjiciunt
1041 2423 1106 2478 et
1148 2407 1508 2479 fodientem
1553 2407 1775 2479 dicere
1811 2422 2123 2504 oportere
2158 2433 2174 2474 z
2214 2439 2249 2474 α
2279 2411 2441 2478 Haec
2484 2422 2584 2478 est

491 2554 695 2623 herba
714 2579 1056 2650 argemon‚
1077 2580 1283 2650 quam
1310 2557 1616 2624 Minerva
1643 2556 1892 2649 reperit
1919 2556 2149 2624 suibus
2172 2553 2551 2625 remedium
2564 2550 2589 2641 ‚'

492 2701 606 2793 qui
645 2699 726 2768 de
764 2698 876 2768 illa
913 2700 1345 2795 gustaverint.
1380 2729 1414 2762 n

1008 3018 1015 3039 Ὶ
1084 2958 1383 3033 Tordylon
1408 3000 1426 3027 ‚
1466 2956 1584 3014 sive
1616 2976 1820 3035 syreon
1838 3000 1856 3028 ,
1889 2978 1984 3014 111.

585 3150 858 3218 CXVII.
893 3146 1234 3242 Tordylon
1285 3148 1397 3218 alii
1441 3174 1663 3227 semen
1704 3147 1841 3219 silis
1886 3134 2374 3219 esse'dixerunt
2411 3176 2428 3218 :
2466 3149 2584 3220 alii

487 3292 763 3362 herbam
791 3317 908 3387 per
940 3318 1037 3392 se,
1068 3312 1268 3386 quam
1299 3308 1368 3361 et
1400 3317 1640 3386 syreon
1676 3308 2103 3362 vocaverunt.
2130 3294 2368 3387 Neque
2394 3291 2584 3362 aliud

1601 3402 1620 3431 ὃ

489 3440 572 3510 de
628 3464 706 3508 ea
766 3439 1109 3534 proditum
1165 3441 1435 3509 invenio
1464 3493 1483 3526 ‚
1542 3464 1743 3532 quam
1803 3442 1872 3509 in
1924 3440 2268 3509 montibus
2323 3440 2508 3508 nasci
2556 3466 2576 3508 ε

490 3583 1113 3678 οοωὺυεῑειωφοω
1166 3586 1344 3655 ciere
1399 3607 1657 3653 menses
1680 3635 1699 3671 ‚
1738 3598 1806 3651 et
1843 3586 2133 3679 pectoris
2180 3586 2586 3653 exscreatio·
2689 3614 2697 3627 ·

487 3754 605 3798 nes
633 3781 657 3817 ,
707 3727 1090 3806 efficaciore
1133 3731 1503 3798 etiamnum
1564 3728 1786 3798 radice
1840 3755 1856 3797 ε
1923 3754 2123 3800 succo
2177 3730 2317 3824 ejus
2379 3730 2591 3803 ternis

486 3871 698 3941 obolis
730 3858 979 3943 hausto*
1004 3896 1195 3942 renes
1232 3876 1452 3943 sanari
1485 3874 1692 3963 :saddi
1730 3873 2020 3945 radicem
2055 3875 2198 3969 ejus
2230 3889 2298 3944 et
2331 3875 2401 3942 in
2441 3899 2582 3942 ma-

488 4013 795 4111 lagmata.
912 4034 919 4041 '
