2846 4869
466 457 540 512 36
646 498 649 501 -
884 460 973 514 Ὀ.
1015 458 1242 514 PLINII
1282 457 1476 513 HIST.
1521 458 1693 513 NAT.
1736 460 1876 515 LIB.
1903 461 2115 517 XXIV.

1234 679 1614 752 Pissasphalto
1628 719 1646 749 ,
1682 699 1755 734 11.

555 890 769 959 XXV.
816 891 933 958 Est
975 901 1041 956 et
1082 885 1594 982 pissasphaltos‚
1640 889 1849 956 mixta
1885 887 2199 957 bitumini
2243 888 2389 980 pice
2424 909 2545 954 na-

461 1029 765 1100 turaliter
797 1054 875 1099 ex
908 1028 1492 1125 Apolloniatarum
1525 1030 2039 1125 agro.‚Quidam
2069 1031 2197 1126 ipsi
2229 1030 2543 1114 miscent,

459 1178 869 1270 praecipuum
901 1175 988 1244 ad
1022 1175 1309 1244 scabiem
1334 1198 1651 1269 pecorum
1685 1175 2086 1263 remedium,
2113 1186 2233 1245 aut
2263 1175 2318 1242 si
2343 1174 2540 1244 foetus

457 1312 777 1391 mammas
803 1316 1060 1389 laeserit.
1091 1322 1438 1388 Maturum
1472 1320 1800 1414 optimum
1834 1344 1913 1389 ex
1944 1306 2054 1408 ἑο,
2084 1317 2302 1414 quod,
2331 1344 2538 1415 quum

454 1466 663 1534 fervet
685 1517 705 1553 ‚
746 1454 1020 1534 innatat.

1325 1787 1560 1860 Zopissa
1573 1829 1590 1856 ,
1635 1772 1690 1842 1:

550 1996 801 2065 XXVI.
843 1995 1184 2089 Zopissam
1218 1996 1401 2065 eradi
1444 1998 1722 2068 navibus
1764 1999 2050 2071 diximus
2089 2026 2239 2071 cera
2271 1987 2535 2075 marino

451 2138 587 2209 sale
616 2147 966 2211 'macer-ata.
1001 2140 1277 2234 Optima
1310 2141 1452 2213 haec
1488 2167 1529 2212 a
1564 2145 1873 2214 tirocinio
1913 2146 2203 2236 navium.
2239 2146 2531 2237 Additur

448 2296 669 2352 autem
705 2283 776 2351 in
815 2278 1213 2375 malagmata
1254 2281 1337 2352 ad
1377 2257 1822 2355 discutiendas
1859 2285 2295 2357 collectiones.

1356 2625 1511 2682 Toda
1529 2667 1547 2695 ,
1584 2646 1626 2682 1.

537 2832 825 2901 XXVII.
860 2830 1044 2901 Teda
1079 2830 1350 2902 decocta
1390 2835 1462 2903 in
1494 2848 1713 2920 aceto,
1749 2834 2050 2913 dentium
2085 2837 2348 2909 dolores
2382 2840 2523 2911 effl-
2553 2901 2564 2912 .

439 2949 682 3046 caciter
721 2973 1042 3047 colluunt.

1229 3199 1500 3256 Lentisco
1516 3241 1533 3271 ,
1572 3220 1725 3258 xxn.

529 3404 849 3474 XXVIII.
890 3406 1184 3475 Lentisci
1220 3431 1299 3476 ex
1339 3410 1611 3498 arbore,
1649 3425 1715 3479 et
1752 3435 1977 3483 semen
1994 3465 2013 3499 ,
2049 3429 2117 3483 et
2148 3392 2374 3495 cortex
2391 3467 2410 3503 ‚
2448 3430 2516 3485 et

432 3536 766 3631 lacryma,¹
786 3541 1048 3610 urinam
1075 3544 1292 3630 cient,
1330 3543 1555 3615 alvum
1591 3548 1852 3618 sistunt.
1880 3552 2246 3621 Decoctum
2276 3576 2511 3636 eorum

428 3670 649 3742 ulcera
687 3661 835 3768 qu’ae
875 3693 1192 3771 serpunt,
1237 3680 1399 3752 fotu.
1443 3681 1734 3780 Illinitur
1771 3686 1840 3755 in
1881 3686 2210 3779 humidis,
2252 3703 2321 3758 et
2369 3690 2509 3785 igni

431 3835 620 3881 sacro
663 3805 1028 3909 :gingivas
1068 3814 1318 3887 colluit.
1366 3818 1556 3890 Folia
1595 3809 1905 3892 dentibus
1944 3825 2015 3894 in
2055 3823 2286 3907 dolore
2333 3821 2507 3898 atte-

426 3943 1017 4039 runtur3mobil‘es
1049 3954 1328 4026 decocto
1372 3957 1777 4030 colluuntur.
1829 3960 2162 4056 Capillum
2209 3965 2504 4060 tingunt.

423 4085 748 4179 Lacr-yma
785 4088 957 4159 sedis
996 4090 1170 4161 vitiis
1210 4093 1519 4187 prodest,
1563 4092 1771 4190 q'uum
1812 4097 1973 4191 quid
2009 4100 2238 4170 siccari
2274 4101 2499 4196 ¹excal-
