2846 4869
412 356 527 415 326
853 359 916 415 C.
957 358 1190 415 PLINII
1229 351 1423 415 HIST.
1464 358 1637 413 NAT.
1682 358 1823 414 LIB.
1851 358 2034 415 XXV.

1220 599 1610 675 sparganion,
1650 619 1693 656 1.

513 810 758 906 LXIII.
797 807 1130 881 Adversus
1160 824 1503 905 serpentes
1543 809 1801 879 bibitur
1830 823 1898 878 et
1928 810 2073 903 ejus
2103 808 2323 898 radix,
2352 833 2506 908 quae

418 955 819 1051 sparganion
861 968 1169 1045 vocatur,
1209 979 1292 1024 ex
1325 956 1485 1024 vino
1520 953 1692 1023 albo.

925 1207 1106 1264 Dauci
1130 1224 1340 1283 genera
1366 1227 1432 1266 n·
1445 1248 1463 1278 ,
1488 1208 1785 1265 medicinae
1809 1228 1987 1268 xvm.

517 1418 761 1488 LXIV.
804 1418 1021 1487 Dauci
1058 1435 1634 1518 generaquatuor
1672 1418 1826 1489 fecit
1864 1419 2216 1489 Petronius
2246 1418 2511 1489 Diodo-

422 1578 568 1651 tus,
605 1585 753 1656 quae
796 1563 1104 1657 persequi
1146 1561 1315 1634 nihil
1360 1566 1601 1634 attinet
1620 1614 1641 1650 ,
1681 1587 1894 1657 quum
1934 1564 2070 1633 sint
2123 1562 2516 1633 differentiae

423 1705 573 1776 duae
600 1732 617 1775 z
650 1706 1101 1801 probatissimi
1137 1709 1207 1777 in
1235 1709 1435 1779 Creta
1452 1759 1473 1797 ,
1506 1733 1663 1777 mox
1689 1709 1762 1775 in
1793 1708 2078 1820 ⁸Achaia,
2112 1722 2180 1775 et
2214 1710 2283 1776 in
2322 1707 2516 1777 siccis
2555 1723 2564 1732 ”

425 1851 832 1946 ubicumque
859 1852 1038 1939 nati,
1071 1850 1343 1921 feniculi
1381 1850 1813 1922 similitudine
1831 1905 1849 1939 ,
1886 1851 2382 1923 candidioribus
2415 1852 2519 1921 fo-

424 1993 531 2063 liis
568 2009 635 2064 et
665 1995 1038 2064 minoribus
1073 1994 1499 2089 hirsutisque.
1539 1994 1749 2065 Caule
1782 1995 2000 2091 pedali
2037 2010 2255 2085 recto,
2289 1996 2512 2064 radice

424 2141 795 2209 suavissimi
829 2153 1061 2244 gustus
1096 2153 1162 2207 et
1196 2139 1443 2209 odoris.
1478 2144 1625 2209 Hoc
1657 2140 1727 2217 in
1763 2140 2012 2212 saxosis
2050 2140 2345 2208 nascitur
2374 2164 2514 2208 me-

423 2282 726 2352 ridianis,
754 2282 1039 2378 Reliqua
1067 2309 1310 2377 genera
1340 2286 1596 2379 ubique*
1619 2301 1984 2355 nascuntur
2012 2286 2295 2380 terrenis
2325 2283 2513 2354 colli-

423 2428 551 2497 bus
588 2426 1076 2523 limitibusque,
1111 2455 1235 2500 nec
1274 2431 1403 2501 nisi
1440 2430 1674 2533 pingui
1708 2429 1892 2519 solo,
1922 2428 2097 2503 foliis
2136 2407 2511 2518 coriandri,

425 2572 613 2643 caule
653 2572 966 2662 cubitali,
1006 2575 1332 2670 capitibus
1369 2575 1716 2662 rotundis,
1755 2600 1926 2669 saepe
1960 2572 2272 2669 pluribus
2314 2600 2514 2669 quam

436 2720 643 2788 ternis
668 2770 689 2807 ,
750 2717 975 2787 radice
1031 2716 1333 2815 lignosa,
1385 2733 1455 2787 et
1513 2744 1719 2813 quum
1777 2719 2026 2788 inaruit
2078 2743 2508 2812 supervacua.

425 2864 663 2932 Semen
711 2862 912 2956 hujus
960 2863 1229 2936 cumino
1280 2860 1494 2931 simile
1537 2888 1553 2929 :
1607 2862 1892 2957 prioriS,
1939 2859 2124 2930 milio
2168 2887 2185 2929 ε
2242 2861 2509 2947 album,

426 3030 612 3093 acre,
651 3005 1008 3079 odoratum
1040 3007 1394 3094 omnibus,
1435 3021 1501 3075 et
1539 2974 1819 3089 fervens.
1863 3006 2244 3075 Secundum
2285 3008 2507 3101 priore

426 3136 889 3238 vehementius
916 3166 1062 3241 est,
1086 3151 1369 3255 ideoque
1405 3175 1605 3246 parce
1644 3152 1818 3226 sumi
1851 3149 2067 3221 debet.
2171 3221 2184 3233 ,

522 3576 593 3645 Si
618 3577 761 3670 jam
786 3577 1069 3645 maxime
1099 3576 1372 3645 tertium
1399 3599 1609 3669 genus
1627 3574 1856 3642 facere
1891 3571 2125 3657 libeat,
2158 3585 2257 3639 est
2292 3570 2503 3640 simile

384 3704 398 3719 ’
426 3721 806 3816 staphylino
835 3773 854 3808 ,
904 3720 1087 3813 quod
1123 3722 1529 3813 pastinacam
1568 3719 1918 3787 erraticam
1953 3714 2294 3813 appellant
2329 3768 2349 3804 ,
2404 3739 2502 3782 se-

429 3869 607 3935 mine
641 3865 969 3960 oblongo,
1008 3863 1229 3967 radice
1262 3864 1732 3951 dulci.,Omnia
1761 3863 1902 3965 haec
1942 3863 2161 3931 hieme
2190 3877 2260 3956 et
2286 3875 2495 3937 aestate

429 4027 586 4082 sunt
619 4014 866 4094 intacta
898 4009 1348 4105 quadrupedi,
1378 4011 1505 4079 nisi
1533 4025 1685 4106 post
1714 4010 2005 4079 abortus.
2032 4012 2131 4078 Ex
2166 4006 2309 4077 aliis
2341 4029 2482 4075 usus
