2846 4869
510 425 585 500 76
961 427 1026 484 c.
1067 426 1299 484 PLmn
1339 422 1537 484 ms‘r.
1580 408 1756 484 Nn.
1787 427 1929 483 Lm.
1958 416 2180 483 xm.

512 574 678 618 num
718 563 960 618 vocant
981 600 1000 636 ,
1047 574 1168 618 nos
1211 549 1505 636 rubiam,
1546 572 1678 642 qua
1721 546 2073 644 tinguntur
2111 543 2278 618 lanas
2298 600 2316 636 ,
2354 544 2597 643 pelles-

507 715 639 784 que
683 691 1124 787 perficiuntur
1165 718 1182 762 ε
1232 693 1300 762 in
1354 691 1685 762 medicina
1707 682 1712 686 ’
1736 694 1998 762 urinam
2055 695 2183 763 ciet
2225 719 2240 762 :
2284 694 2602 763 morbum

507 838 764 931 regium
801 852 990 908 sanat
1021 863 1099 906 ex
1134 862 1305 932 aqua
1340 835 1592 926 mulsa¹,
1619 853 1686 907 et
1717 836 2009 907 lichenas
2042 864 2124 908 ex
2161 854 2346 908 aceto
2378 837 2555 908 illita
2585 866 2601 907 ;

512 996 580 1050 et
598 980 1014 1071 ischiadicos,
1034 973 1099 1050 et
1126 981 1519 1078 paralyticos
1535 1034 1555 1072 ,
1574 984 1669 1052 ita
1688 997 1764 1053 ut
1787 984 2084 1056 bibentes
2103 982 2408 1055 laventur
2425 1009 2605 1078 quo-

511 1124 695 1195 tidie.
736 1124 954 1196 Radix
991 1150 1352 1221 semenque
1396 1128 1677 1197 trahunt
1720 1150 2013 1217 menses,
2048 1125 2274 1196 alvum
2309 1130 2558 1199 sistunt
2580 1181 2600 1217 ,

508 1281 579 1337 et
631 1266 1051 1337 collectiones
1096 1267 1485 1338 discutiunt.
1543 1271 1799 1339 Contra
1840 1282 2173 1364 serpentes
2216 1271 2384 1338 rami
2437 1297 2598 1340 cum

512 1408 684 1481 foliis
724 1382 1185 1506 imponuntur.
1228 1410 1417 1482 Folia
1463 1428 1531 1482 et
1579 1411 1895 1508 capillum
1930 1412 2255 1519 inficiunt.
2309 1416 2597 1484 Invenio

510 1552 692 1647 apud
752 1553 1075 1647 quosdam
1138 1554 1450 1625 morbum
1507 1555 1770 1649 regium
1833 1555 2056 1627 sanari
2117 1556 2245 1625 hoc
2303 1554 2548 1627 frutice
2576 1612 2596 1645 ,

506 1698 764 1767 etiamsi
795 1696 1201 1793 adalligatus
1221 1712 1557 1793 spectetur
1593 1711 1878 1768 tantum.

1370 2321 1575 2395 Alysso
1592 2362 1608 2391 ‚
1651 2338 1725 2375 11.

594 2533 804 2602 LVII.
839 2530 1063 2600 Distat
1090 2531 1172 2600 ab
1202 2555 1314 2619 eo,
1344 2534 1460 2624 qui
1495 2528 1751 2624 alysson
1787 2544 2083 2617 vocatur,
2114 2526 2288 2597 foliis
2317 2542 2598 2596 tantum

496 2689 564 2744 et
598 2678 799 2746 ramis
837 2676 1257 2746 minoribus·
1297 2701 1541 2744 nomen
1583 2675 1876 2768 accepit,
1911 2672 2094 2769 quod
2134 2698 2174 2742 a
2206 2698 2368 2742 cane
2405 2698 2590 2740 mor-

496 2848 602 2892 sos
640 2822 893 2891 rabiem
927 2822 1172 2893 sentire
1210 2846 1347 2889 non
1379 2822 1661 2916 patitur,
1700 2834 1900 2915 potus
1930 2789 2011 2887 ex
2042 2833 2227 2887 aceto
2268 2816 2598 2911 adalliga-

495 2983 756 3061 tusque.
792 2968 1045 3036 Mirum
1080 2982 1179 3035 est
1212 2966 1392 3059 quod
1427 2965 1719 3054 additur,
1755 2965 2007 3034 saniem
2042 2976 2401 3058 conspecto
2435 2987 2591 3031 om-

499 3116 660 3182 nino
695 3112 934 3182 frutice
968 3136 1047 3181 eo
1082 3112 1331 3181 siccari.

831 3484 1089 3542 struthio
1109 3525 1127 3554 ,
1161 3481 1279 3538 sive
1317 3477 1604 3549 radicula,
1636 3493 1776 3534 x111.
1813 3479 2128 3551 Apocyno,
2157 3492 2234 3529 11.

596 3694 838 3762 LVIII.
873 3690 1310 3787 Tingentibus
1343 3704 1409 3759 et
1436 3686 1732 3758 radicula
1763 3684 1950 3755 lanas
1981 3694 2339 3780 praeparat,
2383 3699 2594 3772 quam

498 3833 832 3903 struthion
867 3859 905 3902 a
949 3832 1199 3904 Graecis
1238 3834 1464 3901 vocari
1497 3828 1805 3898 diximus.
1846 3803 2159 3897 Medetur
2198 3822 2435 3893 morbo
2476 3846 2591 3890 re-

501 3971 612 4065 gio
643 3985 710 4040 et
746 3971 888 4066 ipsa
922 3969 1201 4038 decocto
1235 3969 1379 4062 ejus
1418 3978 1617 4062 poto,
1656 3966 1813 4034 item
1851 3963 2142 4059 pectoris
2185 3960 2386 4029 vitiis.
2425 3957 2593 4028 Uri-

500 4129 655 4177 nam
690 4108 818 4177 ciet
840 4091 879 4196 ‚'
901 4104 1123 4178 alvum
1162 4105 1399 4192 solvit,
1438 4118 1524 4173 et‘
1548 4101 1779 4174 vulvas
1813 4116 2077 4197 purgat.
2115 4096 2584 4189 Quamobrem
