2846 4869
436 371 503 430 ¹4
881 360 946 415 C.
988 354 1224 412 PLINII
1266 355 1463 413 HIST.
1508 354 1682 411 NAT.
1730 355 1870 411 LIB.
1902 352 2122 410 XXIV.

356 470 363 481 ⁸
433 508 722 580 rumque
766 485 967 553 vitiis.
1015 480 1308 552 Calculis
1353 480 1617 577 glandis
1668 481 1944 578 fagineae
1990 481 2157 550 cinis
2204 476 2484 549 illinitur
2518 500 2536 545 ε

436 635 595 702 item
622 651 787 698 -cum
826 623 1025 697 melle
1060 622 1396 721 alopeciis,

1222 944 1503 1036 Cupresso
1518 1001 1535 1031 ‚
1574 974 1749 1019 xx111.

537 1177 624 1244 X.
666 1173 981 1268 Cupi-essi
1027 1170 1189 1243 folia
1230 1174 1392 1242 trita
1431 1173 1839 1267 serpentium
1887 1171 2130 1243 ictibus
2179 1173 2542 1268 imponun-

442 1336 558 1389 tur
593 1343 609 1387 :
651 1328 717 1387 et
759 1319 968 1412 capiti
1012 1338 1166 1387 cum
1215 1315 1528 1412 polenta,
1571 1319 1625 1385 si
1664 1342 1703 1385 a
1742 1315 1879 1387 sole
1920 1309 2190 1388 doleat:
2228 1321 2388 1388 item
2436 1345 2546 1389 ra·

446 1464 608 1532 mici
636 1489 651 1531 :
687 1478 819 1557 qua
848 1463 931 1532 de
957 1488 1153 1533 causa
1188 1477 1255 1533 et
1283 1442 1633 1532 bibuntur.
1663 1464 1967 1534 Testium
1995 1488 2261 1558 quoque
2294 1427 2548 1535 tumori

450 1634 610 1680 cum
683 1633 836 1679 cera
903 1606 1283 1678 illinuntur.
1358 1605 1697 1702 Capillum
1764 1590 2123 1701 denigrant
2186 1632 2268 1676 ex
2339 1624 2550 1678 aceto.

449 1753 697 1824 Eadem
754 1753 911 1822 trita
966 1776 1122 1825 cum
1179 1751 1438 1821 duabus
1489 1752 1793 1848 par-tibus
1846 1752 2035 1846 panis
2089 1750 2308 1821 mollis
2329 1804 2347 1840 ,
2393 1766 2459 1822 et
2512 1775 2553 1822 e

457 1901 613 1967 vino
650 1899 914 1967 amineo
960 1896 1236 1969 subacta
1257 1949 1277 1981 ‚
1318 1896 1568 1991 pedum
1611 1920 1690 1965 ac
1731 1920 2089 1965 nervorum
2130 1896 2396 1968 dolores
2449 1922 2554 1967 se-

461 2045 649 2115 dant.
682 2041 915 2113 Pilulae
948 2042 1263 2113 adversus
1295 2043 1910 2138 serpentiumictus
1947 2044 2304 2130 bibuntur,
2345 2058 2462 2115 aut
2499 2047 2559 2115 si

458 2189 778 2282 ejiciatur
800 2189 1116 2282 sanguis:
1149 2154 1657 2257 collectionibus
1688 2184 2068 2257 illinuntur.
2098 2188 2358 2259 Ramici
2390 2214 2559 2283 quo-

462 2355 595 2424 que
647 2344 892 2399 tenerae
949 2345 1113 2399 tusae
1170 2352 1324 2397 cum
1383 2330 1675 2422 axungia
1726 2342 1792 2398 et
1845 2327 2186 2416 lomento,
2246 2346 2557 2425 prosunt.

450 2447 802 2545 'Bibuntur
840 2499 923 2544 ex
967 2474 1199 2543 eadem
1246 2495 1470 2543 causa.
1505 2471 1804 2579 Parotidi
1843 2489 1911 2543 et
1946 2491 2216 2545 strumae
2258 2499 2411 2545 cum
2462 2473 2565 2546 fa-

461 2622 608 2689 rina
641 2621 1106 2714 imponuntur.
1145 2604 1568 2734 Exprimitur
1605 2641 1843 2688 succus
1874 2617 2043 2689 tusis
2081 2605 2562 2710 cum'semine‚

462 2769 578 2863 qui
632 2739 883 2837 mixtus
919 2765 1067 2840 oleo
1102 2766 1458 2861 caliginem
1492 2765 1845 2836 oculorum
1877 2766 2116 2837 aufert.
2149 2732 2320 2837 Item
2353 2769 2565 2840 victo·

468 2914 652 3008 riatis
674 2891 975 3007 pondere
1027 2912 1097 2979 in
1149 2910 1308 2980 vino
1360 2925 1562 3005 potus
1614 2909 1955 3004 illitusque
2000 2935 2155 2980 cum
2209 2911 2338 2981 fico
2388 2913 2565 2984 sicca

465 3058 743 3152 pingui,
788 3056 1112 3149 exemptis
1157 3056 1382 3149 granis
1409 3106 1429 3143 ‚
1478 3055 1641 3124 vitia
1685 3056 1956 3125 testium
2004 3070 2230 3144 sanat,
2266 3069 2566 3127 tumores
2611 3083 2632 3108 ·

468 3202 741 3270 discutit
789 3226 807 3267 ε
858 3214 925 3268 et
974 3223 1130 3269 cum
1180 3199 1508 3268 fermento
1564 3214 1874 3268 strumas.
1925 3165 2145 3269 R'ad'ix
2193 3225 2346 3270 cum
2387 3200 2567 3270 foliis

470 3350 626 3415 trita
668 3361 995 3439 potaque,
1031 3313 1265 3413 vesicae
1298 3355 1362 3413 et
1398 3346 1796 3441 stranguriae
1827 3343 2132 3413 medetur
2161 3326 2186 3413 't
2224 3360 2292 3414 et
2328 3362 2566 3417 contra

470 3489 849 3587 phalangia.
913 3491 1245 3561 Ramenta
1309 3476 1467 3586 pota
1534 3516 1797 3561 menses
1854 3492 2078 3580 cient,
2134 3495 2567 3588 scorpionum

474 3638 714 3707 ictibus
758 3636 1221 3714 adversantur„
