<?xml version="1.0" encoding="UTF-8"?>
<!DOCTYPE html PUBLIC "-//W3C//DTD XHTML 1.0 Transitional//EN"
    "http://www.w3.org/TR/xhtml1/DTD/xhtml1-transitional.dtd">
<html xmlns="http://www.w3.org/1999/xhtml" xml:lang="en" lang="en">
 <head>
  <title>
</title>
<meta http-equiv="Content-Type" content="text/html;charset=utf-8" />
  <meta name='ocr-system' content='tesseract 3.04.00' />
  <meta name='ocr-capabilities' content='ocr_page ocr_carea ocr_par ocr_line ocrx_word'/>
</head>
<body>
  <div class='ocr_page' id='page_1' title='image "./histoirenaturel01grangoog_0326.png"; bbox 0 0 2846 4869; ppageno 0'>
   <div class='ocr_carea' id='block_1_1' title="bbox 520 417 2638 2369">
    <p class='ocr_par' dir='ltr' id='par_1_1' title="bbox 550 417 2196 498">
     <span class='ocr_line' id='line_1_1' title="bbox 550 417 2196 498; baseline 0.002 -24"><span class='ocrx_word' id='word_1_1' title='bbox 550 417 665 475; x_wconf 85' lang='lat'><strong>316</strong></span> <span class='ocrx_word' id='word_1_2' title='bbox 992 420 1056 477; x_wconf 89' lang='lat' dir='ltr'><strong>C.</strong></span> <span class='ocrx_word' id='word_1_3' title='bbox 1099 420 1339 478; x_wconf 89' lang='lat' dir='ltr'><strong>PLINII</strong></span> <span class='ocrx_word' id='word_1_4' title='bbox 1368 419 1571 492; x_wconf 39' lang='lat' dir='ltr'><strong>&#39;HIST.</strong></span> <span class='ocrx_word' id='word_1_5' title='bbox 1615 422 1787 498; x_wconf 73' lang='grc' dir='ltr'><strong>ΝᾼΤ.</strong></span> <span class='ocrx_word' id='word_1_6' title='bbox 1833 422 1975 476; x_wconf 88' lang='lat' dir='ltr'><strong>LIB.</strong></span> <span class='ocrx_word' id='word_1_7' title='bbox 2005 422 2196 477; x_wconf 87' lang='lat' dir='ltr'><strong>XXV.</strong></span> 
     </span>
    </p>

    <p class='ocr_par' dir='ltr' id='par_1_2' title="bbox 520 543 2638 2369">
     <span class='ocr_line' id='line_1_2' title="bbox 556 543 2627 640; baseline -0.001 -26"><span class='ocrx_word' id='word_1_8' title='bbox 556 547 944 615; x_wconf 87' lang='lat' dir='ltr'><strong>Nascuntur</strong></span> <span class='ocrx_word' id='word_1_9' title='bbox 971 545 1336 640; x_wconf 82' lang='lat' dir='ltr'>pinguibus</span> <span class='ocrx_word' id='word_1_10' title='bbox 1368 543 1527 614; x_wconf 90' lang='lat' dir='ltr'><strong>locis</strong></span> <span class='ocrx_word' id='word_1_11' title='bbox 1558 561 1626 613; x_wconf 86' lang='lat' dir='ltr'><strong>et</strong></span> <span class='ocrx_word' id='word_1_12' title='bbox 1650 546 2155 639; x_wconf 88' lang='lat' dir='ltr'><strong>campestribus.</strong></span> <span class='ocrx_word' id='word_1_13' title='bbox 2188 544 2497 616; x_wconf 87' lang='lat' dir='ltr'><strong>Effodere</strong></span> <span class='ocrx_word' id='word_1_14' title='bbox 2532 568 2627 612; x_wconf 89' lang='lat' dir='ltr'><strong>eas</strong></span> 
     </span>
     <span class='ocr_line' id='line_1_3' title="bbox 557 683 2631 783; baseline -0.001 -26"><span class='ocrx_word' id='word_1_15' title='bbox 557 687 880 757; x_wconf 85' lang='lat' dir='ltr'><strong>messibus</strong></span> <span class='ocrx_word' id='word_1_16' title='bbox 916 688 1388 783; x_wconf 86' lang='lat' dir='ltr'><strong>tempestivum</strong></span> <span class='ocrx_word' id='word_1_17' title='bbox 1423 714 1439 756; x_wconf 71' lang='grc' dir='ltr'><strong><em>ε</em></strong></span> <span class='ocrx_word' id='word_1_18' title='bbox 1475 690 1567 756; x_wconf 88' lang='lat' dir='ltr'><strong>ita</strong></span> <span class='ocrx_word' id='word_1_19' title='bbox 1597 683 2032 782; x_wconf 80' lang='lat' dir='ltr'><strong>desquamato</strong></span> <span class='ocrx_word' id='word_1_20' title='bbox 2068 704 2341 758; x_wconf 87' lang='lat' dir='ltr'><strong>terreno</strong></span> <span class='ocrx_word' id='word_1_21' title='bbox 2375 713 2631 758; x_wconf 89' lang='lat' dir='ltr'><strong>servan-</strong></span> 
     </span>
     <span class='ocr_line' id='line_1_4' title="bbox 560 830 2629 927; baseline 0 -28"><span class='ocrx_word' id='word_1_22' title='bbox 560 846 689 901; x_wconf 88' lang='lat' dir='ltr'><strong>tur.</strong></span> <span class='ocrx_word' id='word_1_23' title='bbox 724 831 1019 902; x_wconf 84' lang='lat' dir='ltr'><strong>Maxime</strong></span> <span class='ocrx_word' id='word_1_24' title='bbox 1058 847 1282 901; x_wconf 89' lang='lat' dir='ltr'><strong>tamen</strong></span> <span class='ocrx_word' id='word_1_25' title='bbox 1318 830 1631 901; x_wconf 85' lang='lat' dir='ltr'><strong>laudatur</strong></span> <span class='ocrx_word' id='word_1_26' title='bbox 1664 834 1934 927; x_wconf 88' lang='lat' dir='ltr'><strong>pontica</strong></span> <span class='ocrx_word' id='word_1_27' title='bbox 1962 860 1978 902; x_wconf 79' lang='lat' dir='ltr'><em>z</em></span> <span class='ocrx_word' id='word_1_28' title='bbox 2008 849 2075 902; x_wconf 91' lang='lat' dir='ltr'><strong>et</strong></span> <span class='ocrx_word' id='word_1_29' title='bbox 2107 835 2178 902; x_wconf 90' lang='lat' dir='ltr'><strong>in</strong></span> <span class='ocrx_word' id='word_1_30' title='bbox 2217 857 2629 927; x_wconf 88' lang='lat' dir='ltr'><strong>quocumque</strong></span> 
     </span>
     <span class='ocr_line' id='line_1_5' title="bbox 558 975 2634 1072; baseline -0 -27"><span class='ocrx_word' id='word_1_31' title='bbox 558 1001 799 1072; x_wconf 82' lang='lat' dir='ltr'><strong>genere</strong></span> <span class='ocrx_word' id='word_1_32' title='bbox 852 975 1416 1072; x_wconf 87' lang='lat' dir='ltr'><strong>ponderosissima</strong></span> <span class='ocrx_word' id='word_1_33' title='bbox 1463 1002 1744 1071; x_wconf 86' lang='lat' dir='ltr'><strong>quaeque</strong></span> <span class='ocrx_word' id='word_1_34' title='bbox 1766 1028 1785 1064; x_wconf 90' lang='lat'>‚</span> <span class='ocrx_word' id='word_1_35' title='bbox 1826 975 2173 1046; x_wconf 88' lang='lat' dir='ltr'><strong>medicinis</strong></span> <span class='ocrx_word' id='word_1_36' title='bbox 2225 978 2464 1070; x_wconf 86' lang='lat' dir='ltr'><strong>aptior.</strong></span> <span class='ocrx_word' id='word_1_37' title='bbox 2512 980 2634 1045; x_wconf 88' lang='lat' dir='ltr'><strong>Ro·</strong></span> 
     </span>
     <span class='ocr_line' id='line_1_6' title="bbox 557 1120 2636 1218; baseline -0 -27"><span class='ocrx_word' id='word_1_38' title='bbox 557 1122 771 1198; x_wconf 74' lang='lat' dir='ltr'><strong>tunda</strong></span> <span class='ocrx_word' id='word_1_39' title='bbox 810 1137 1041 1192; x_wconf 89' lang='lat' dir='ltr'><strong>contra</strong></span> <span class='ocrx_word' id='word_1_40' title='bbox 1081 1137 1439 1216; x_wconf 86' lang='lat' dir='ltr'><strong>serpentes.</strong></span> <span class='ocrx_word' id='word_1_41' title='bbox 1479 1120 1791 1216; x_wconf 88' lang='lat' dir='ltr'><strong>Oblonga</strong></span> <span class='ocrx_word' id='word_1_42' title='bbox 1829 1137 2052 1191; x_wconf 86' lang='lat' dir='ltr'><strong>tamen</strong></span> <span class='ocrx_word' id='word_1_43' title='bbox 2097 1123 2166 1191; x_wconf 94' lang='lat' dir='ltr'><strong>in</strong></span> <span class='ocrx_word' id='word_1_44' title='bbox 2206 1147 2466 1191; x_wconf 88' lang='lat' dir='ltr'><strong>summa</strong></span> <span class='ocrx_word' id='word_1_45' title='bbox 2507 1121 2636 1218; x_wconf 89' lang='lat' dir='ltr'><strong>glo·</strong></span> 
     </span>
     <span class='ocr_line' id='line_1_7' title="bbox 559 1263 2635 1361; baseline -0 -26"><span class='ocrx_word' id='word_1_46' title='bbox 559 1268 657 1335; x_wconf 85' lang='lat' dir='ltr'><strong>ria</strong></span> <span class='ocrx_word' id='word_1_47' title='bbox 694 1281 829 1352; x_wconf 87' lang='lat' dir='ltr'><strong>est,</strong></span> <span class='ocrx_word' id='word_1_48' title='bbox 864 1268 919 1334; x_wconf 90' lang='lat' dir='ltr'><strong>si</strong></span> <span class='ocrx_word' id='word_1_49' title='bbox 956 1265 1155 1335; x_wconf 91' lang='lat' dir='ltr'><strong>modo</strong></span> <span class='ocrx_word' id='word_1_50' title='bbox 1187 1291 1226 1335; x_wconf 90' lang='lat' dir='ltr'><strong>a</strong></span> <span class='ocrx_word' id='word_1_51' title='bbox 1258 1280 1589 1361; x_wconf 89' lang='lat' dir='ltr'><strong>conceptu</strong></span> <span class='ocrx_word' id='word_1_52' title='bbox 1625 1265 1895 1334; x_wconf 88' lang='lat' dir='ltr'><strong>admota</strong></span> <span class='ocrx_word' id='word_1_53' title='bbox 1933 1263 2146 1334; x_wconf 89' lang='lat' dir='ltr'><strong>vulvis</strong></span> <span class='ocrx_word' id='word_1_54' title='bbox 2184 1266 2252 1333; x_wconf 91' lang='lat' dir='ltr'><strong>in</strong></span> <span class='ocrx_word' id='word_1_55' title='bbox 2290 1290 2491 1336; x_wconf 90' lang='lat' dir='ltr'><strong>carne</strong></span> <span class='ocrx_word' id='word_1_56' title='bbox 2523 1267 2635 1334; x_wconf 87' lang='lat' dir='ltr'><strong>bu-</strong></span> 
     </span>
     <span class='ocr_line' id='line_1_8' title="bbox 560 1385 2636 1505; baseline -0 -26"><span class='ocrx_word' id='word_1_57' title='bbox 560 1387 769 1496; x_wconf 53' lang='lat' dir='ltr'><strong>bula]</strong></span> <span class='ocrx_word' id='word_1_58' title='bbox 798 1385 1355 1505; x_wconf 19' lang='lat' dir='ltr'><strong>mares-figurat,</strong></span> <span class='ocrx_word' id='word_1_59' title='bbox 1382 1387 1457 1480; x_wconf 82' lang='lat' dir='ltr'><strong>ut</strong></span> <span class='ocrx_word' id='word_1_60' title='bbox 1504 1385 1811 1480; x_wconf 86' lang='lat' dir='ltr'><strong>traditur.</strong></span> <span class='ocrx_word' id='word_1_61' title='bbox 1851 1410 2220 1479; x_wconf 86' lang='lat' dir='ltr'><strong>Piscatores</strong></span> <span class='ocrx_word' id='word_1_62' title='bbox 2268 1412 2636 1504; x_wconf 87' lang='lat' dir='ltr'><strong>Campaniae</strong></span> 
     </span>
     <span class='ocr_line' id='line_1_9' title="bbox 561 1552 2636 1646; baseline -0.001 -23"><span class='ocrx_word' id='word_1_63' title='bbox 561 1554 851 1624; x_wconf 87' lang='lat' dir='ltr'><strong>radicem</strong></span> <span class='ocrx_word' id='word_1_64' title='bbox 893 1577 1038 1623; x_wconf 89' lang='lat' dir='ltr'><strong>eam</strong></span> <span class='ocrx_word' id='word_1_65' title='bbox 1077 1579 1226 1646; x_wconf 83' lang='lat' dir='ltr'><strong>quae</strong></span> <span class='ocrx_word' id='word_1_66' title='bbox 1261 1552 1556 1623; x_wconf 90' lang='lat' dir='ltr'><strong>rotunda</strong></span> <span class='ocrx_word' id='word_1_67' title='bbox 1596 1566 1696 1621; x_wconf 87' lang='lat' dir='ltr'><strong>est</strong></span> <span class='ocrx_word' id='word_1_68' title='bbox 1714 1604 1734 1641; x_wconf 87' lang='lat'>‚</span> <span class='ocrx_word' id='word_1_69' title='bbox 1771 1577 2102 1621; x_wconf 90' lang='lat' dir='ltr'><strong>venenum</strong></span> <span class='ocrx_word' id='word_1_70' title='bbox 2142 1568 2338 1622; x_wconf 83' lang='lat' dir='ltr'><strong>terrae</strong></span> <span class='ocrx_word' id='word_1_71' title='bbox 2373 1569 2636 1641; x_wconf 86' lang='lat' dir='ltr'><strong>vocant,</strong></span> 
     </span>
     <span class='ocr_line' id='line_1_10' title="bbox 561 1695 2638 1795; baseline -0.002 -25"><span class='ocrx_word' id='word_1_72' title='bbox 561 1724 921 1795; x_wconf 89' lang='lat' dir='ltr'><strong>coramque</strong></span> <span class='ocrx_word' id='word_1_73' title='bbox 959 1695 1151 1766; x_wconf 86' lang='lat' dir='ltr'><strong>nobis</strong></span> <span class='ocrx_word' id='word_1_74' title='bbox 1175 1695 1535 1766; x_wconf 69' lang='lat' dir='ltr'><strong>&#39;contusam</strong></span> <span class='ocrx_word' id='word_1_75' title='bbox 1570 1697 1871 1765; x_wconf 85' lang='lat' dir='ltr'><strong>immixta</strong></span> <span class='ocrx_word' id='word_1_76' title='bbox 1907 1695 2120 1784; x_wconf 88' lang='lat' dir='ltr'><strong>calce,</strong></span> <span class='ocrx_word' id='word_1_77' title='bbox 2154 1697 2225 1764; x_wconf 90' lang='lat' dir='ltr'><strong>in</strong></span> <span class='ocrx_word' id='word_1_78' title='bbox 2253 1719 2438 1765; x_wconf 85' lang='lat' dir='ltr'><strong>mare</strong></span> <span class='ocrx_word' id='word_1_79' title='bbox 2469 1724 2638 1792; x_wconf 89' lang='lat' dir='ltr'><strong>spar-</strong></span> 
     </span>
     <span class='ocr_line' id='line_1_11' title="bbox 520 1841 2637 1936; baseline -0.003 -20"><span class='ocrx_word' id='word_1_80' title='bbox 520 1867 755 1916; x_wconf 75' lang='lat' dir='ltr'><strong>&#39;sere2</strong></span> <span class='ocrx_word' id='word_1_81' title='bbox 797 1843 1112 1913; x_wconf 84' lang='lat' dir='ltr'><strong>advolant</strong></span> <span class='ocrx_word' id='word_1_82' title='bbox 1162 1844 1372 1936; x_wconf 88' lang='lat' dir='ltr'><strong>pisces</strong></span> <span class='ocrx_word' id='word_1_83' title='bbox 1427 1841 1790 1936; x_wconf 87' lang='lat' dir='ltr'><strong>cupiditate</strong></span> <span class='ocrx_word' id='word_1_84' title='bbox 1841 1844 2051 1929; x_wconf 84' lang='lat' dir='ltr'><strong>mira,</strong></span> <span class='ocrx_word' id='word_1_85' title='bbox 2094 1843 2450 1936; x_wconf 83' lang='lat' dir='ltr'><strong>statimque</strong></span> <span class='ocrx_word' id='word_1_86' title='bbox 2502 1868 2637 1910; x_wconf 84' lang='lat' dir='ltr'><strong>exa-</strong></span> 
     </span>
     <span class='ocr_line' id='line_1_12' title="bbox 563 1986 2636 2082; baseline -0.003 -18"><span class='ocrx_word' id='word_1_87' title='bbox 563 1994 798 2064; x_wconf 89' lang='lat' dir='ltr'><strong>nimati</strong></span> <span class='ocrx_word' id='word_1_88' title='bbox 831 1993 1117 2061; x_wconf 86' lang='lat' dir='ltr'><strong>fluitant.</strong></span> <span class='ocrx_word' id='word_1_89' title='bbox 1152 1992 1327 2078; x_wconf 82' lang='lat' dir='ltr'><strong>Quae</strong></span> <span class='ocrx_word' id='word_1_90' title='bbox 1357 1986 1772 2082; x_wconf 89' lang='lat' dir='ltr'><strong>polyrrhizos</strong></span> <span class='ocrx_word' id='word_1_91' title='bbox 1806 1988 2341 2082; x_wconf 83' lang='lat' dir='ltr'><strong>cognominatur,</strong></span> <span class='ocrx_word' id='word_1_92' title='bbox 2377 1989 2636 2058; x_wconf 90' lang='lat' dir='ltr'><strong>convul-</strong></span> 
     </span>
     <span class='ocr_line' id='line_1_13' title="bbox 564 2130 2636 2229; baseline -0.004 -19"><span class='ocrx_word' id='word_1_93' title='bbox 564 2144 690 2229; x_wconf 78' lang='lat' dir='ltr'><strong>siS‚</strong></span> <span class='ocrx_word' id='word_1_94' title='bbox 716 2136 1044 2220; x_wconf 85' lang='lat' dir='ltr'><strong>contusis,</strong></span> <span class='ocrx_word' id='word_1_95' title='bbox 1075 2159 1156 2202; x_wconf 84' lang='lat' dir='ltr'><strong>ex</strong></span> <span class='ocrx_word' id='word_1_96' title='bbox 1193 2132 1330 2201; x_wconf 84' lang='lat' dir='ltr'><strong>alto</strong></span> <span class='ocrx_word' id='word_1_97' title='bbox 1365 2133 1829 2226; x_wconf 76' lang='lat' dir='ltr'><strong>praecipitatis,</strong></span> <span class='ocrx_word' id='word_1_98' title='bbox 1866 2130 2092 2200; x_wconf 86' lang='lat' dir='ltr'><strong>radice</strong></span> <span class='ocrx_word' id='word_1_99' title='bbox 2132 2145 2292 2226; x_wconf 90' lang='lat' dir='ltr'><strong>pota</strong></span> <span class='ocrx_word' id='word_1_100' title='bbox 2329 2158 2409 2201; x_wconf 83' lang='lat' dir='ltr'><strong>ex</strong></span> <span class='ocrx_word' id='word_1_101' title='bbox 2449 2158 2636 2228; x_wconf 90' lang='lat' dir='ltr'><strong>aqua,</strong></span> 
     </span>
     <span class='ocr_line' id='line_1_14' title="bbox 570 2272 2632 2369; baseline -0.003 -18"><span class='ocrx_word' id='word_1_102' title='bbox 570 2282 917 2352; x_wconf 85' lang='lat' dir='ltr'><strong>utilissima</strong></span> <span class='ocrx_word' id='word_1_103' title='bbox 963 2302 1103 2347; x_wconf 90' lang='lat' dir='ltr'><strong>esse</strong></span> <span class='ocrx_word' id='word_1_104' title='bbox 1148 2276 1438 2346; x_wconf 87' lang='lat' dir='ltr'><strong>traditur</strong></span> <span class='ocrx_word' id='word_1_105' title='bbox 1476 2302 1496 2344; x_wconf 75' lang='lat' dir='ltr'><strong>t</strong></span> <span class='ocrx_word' id='word_1_106' title='bbox 1548 2277 1802 2345; x_wconf 89' lang='lat' dir='ltr'><strong>semine</strong></span> <span class='ocrx_word' id='word_1_107' title='bbox 1857 2272 2221 2369; x_wconf 87' lang='lat' dir='ltr'><strong>pleuriticis</strong></span> <span class='ocrx_word' id='word_1_108' title='bbox 2265 2290 2354 2344; x_wconf 83' lang='lat' dir='ltr'><strong>et·</strong></span> <span class='ocrx_word' id='word_1_109' title='bbox 2382 2279 2632 2345; x_wconf 86' lang='lat' dir='ltr'><strong>nervis:</strong></span> 
     </span>
    </p>
   </div>
   <div class='ocr_carea' id='block_1_2' title="bbox 570 2420 2346 2517">
    <p class='ocr_par' dir='ltr' id='par_1_3' title="bbox 570 2420 2346 2517">
     <span class='ocr_line' id='line_1_15' title="bbox 570 2420 2346 2517; baseline -0.006 -18"><span class='ocrx_word' id='word_1_110' title='bbox 570 2428 967 2517; x_wconf 77' lang='lat' dir='ltr'><strong>confirmare</strong></span> <span class='ocrx_word' id='word_1_111' title='bbox 989 2478 1009 2515; x_wconf 88' lang='lat'>,</span> <span class='ocrx_word' id='word_1_112' title='bbox 1048 2421 1481 2511; x_wconf 83' lang='lat' dir='ltr'><strong>excalfacere‚</strong></span> <span class='ocrx_word' id='word_1_113' title='bbox 1525 2420 1756 2492; x_wconf 89' lang='lat' dir='ltr'><strong>eadem</strong></span> <span class='ocrx_word' id='word_1_114' title='bbox 1799 2421 2096 2517; x_wconf 87' lang='lat' dir='ltr'><strong>satyrion</strong></span> <span class='ocrx_word' id='word_1_115' title='bbox 2138 2445 2297 2491; x_wconf 88' lang='lat' dir='ltr'><strong>esse.</strong></span> <span class='ocrx_word' id='word_1_116' title='bbox 2337 2490 2346 2499; x_wconf 71' lang='grc'><strong><em>,</em></strong></span> 
     </span>
    </p>
   </div>
   <div class='ocr_carea' id='block_1_3' title="bbox 962 3005 2260 3082">
    <p class='ocr_par' dir='ltr' id='par_1_4' title="bbox 962 3005 2260 3082">
     <span class='ocr_line' id='line_1_16' title="bbox 962 3005 2260 3082; baseline -0.001 -22"><span class='ocrx_word' id='word_1_117' title='bbox 962 3006 1112 3061; x_wconf 89' lang='lat' dir='ltr'><strong>Usus</strong></span> <span class='ocrx_word' id='word_1_118' title='bbox 1142 3006 1453 3062; x_wconf 84' lang='lat' dir='ltr'><strong>herbarum</strong></span> <span class='ocrx_word' id='word_1_119' title='bbox 1480 3017 1675 3062; x_wconf 82' lang='lat' dir='ltr'><strong>contra</strong></span> <span class='ocrx_word' id='word_1_120' title='bbox 1718 3005 2066 3082; x_wconf 86' lang='lat' dir='ltr'><strong>serpentium</strong></span> <span class='ocrx_word' id='word_1_121' title='bbox 2098 3005 2260 3061; x_wconf 79' lang='lat' dir='ltr'><strong>ictus,</strong></span> 
     </span>
    </p>
   </div>
   <div class='ocr_carea' id='block_1_4' title="bbox 568 3211 2637 4034">
    <p class='ocr_par' dir='ltr' id='par_1_5' title="bbox 568 3211 2637 4034">
     <span class='ocr_line' id='line_1_17' title="bbox 665 3211 2629 3313; baseline -0.005 -32"><span class='ocrx_word' id='word_1_122' title='bbox 665 3217 806 3285; x_wconf 90' lang='lat' dir='ltr'><strong>LV.</strong></span> <span class='ocrx_word' id='word_1_123' title='bbox 850 3219 1102 3285; x_wconf 74' lang='lat' dir='ltr'><strong>V&#39;erum</strong></span> <span class='ocrx_word' id='word_1_124' title='bbox 1139 3232 1206 3285; x_wconf 89' lang='lat' dir='ltr'><strong>et</strong></span> <span class='ocrx_word' id='word_1_125' title='bbox 1248 3217 1521 3286; x_wconf 87' lang='lat' dir='ltr'><strong>effectus</strong></span> <span class='ocrx_word' id='word_1_126' title='bbox 1561 3242 1792 3288; x_wconf 86' lang='lat' dir='ltr'><strong>earum</strong></span> <span class='ocrx_word' id='word_1_127' title='bbox 1825 3218 2124 3313; x_wconf 77' lang='lat' dir='ltr'><strong>ususque</strong></span> <span class='ocrx_word' id='word_1_128' title='bbox 2155 3211 2422 3284; x_wconf 89' lang='lat' dir='ltr'><strong>dicendi</strong></span> <span class='ocrx_word' id='word_1_129' title='bbox 2452 3221 2629 3279; x_wconf 87' lang='lat' dir='ltr'><strong>suut:</strong></span> 
     </span>
     <span class='ocr_line' id='line_1_18' title="bbox 568 3328 2632 3459; baseline -0.002 -35"><span class='ocrx_word' id='word_1_130' title='bbox 568 3328 1102 3459; x_wconf 75' lang='lat' dir='ltr'><strong>ordiendumque</strong></span> <span class='ocrx_word' id='word_1_131' title='bbox 1158 3385 1195 3428; x_wconf 89' lang='lat' dir='ltr'><strong>a</strong></span> <span class='ocrx_word' id='word_1_132' title='bbox 1251 3361 1583 3431; x_wconf 87' lang='lat' dir='ltr'><strong>malorum</strong></span> <span class='ocrx_word' id='word_1_133' title='bbox 1644 3364 1950 3431; x_wconf 83' lang='lat' dir='ltr'><strong>omnium</strong></span> <span class='ocrx_word' id='word_1_134' title='bbox 2007 3362 2295 3456; x_wconf 89' lang='lat' dir='ltr'><strong>pessimo</strong></span> <span class='ocrx_word' id='word_1_135' title='bbox 2326 3410 2346 3447; x_wconf 87' lang='lat'>,</span> <span class='ocrx_word' id='word_1_136' title='bbox 2399 3356 2469 3424; x_wconf 92' lang='lat' dir='ltr'><strong>id</strong></span> <span class='ocrx_word' id='word_1_137' title='bbox 2520 3365 2632 3435; x_wconf 90' lang='lat' dir='ltr'><strong>est,</strong></span> 
     </span>
     <span class='ocr_line' id='line_1_19' title="bbox 572 3502 2635 3606; baseline -0.001 -35"><span class='ocrx_word' id='word_1_138' title='bbox 572 3504 983 3597; x_wconf 86' lang='lat' dir='ltr'><strong>serpentium</strong></span> <span class='ocrx_word' id='word_1_139' title='bbox 1029 3506 1186 3575; x_wconf 89' lang='lat' dir='ltr'><strong>ictu.</strong></span> <span class='ocrx_word' id='word_1_140' title='bbox 1232 3506 1600 3575; x_wconf 80' lang='lat' dir='ltr'><strong>Medentur</strong></span> <span class='ocrx_word' id='word_1_141' title='bbox 1634 3506 2216 3606; x_wconf 30' lang='lat' dir='ltr'><strong>ergo-britannica</strong></span> <span class='ocrx_word' id='word_1_142' title='bbox 2251 3502 2464 3572; x_wconf 87' lang='lat' dir='ltr'><strong>herba</strong></span> <span class='ocrx_word' id='word_1_143' title='bbox 2485 3553 2504 3586; x_wconf 86' lang='lat'>‚</span> <span class='ocrx_word' id='word_1_144' title='bbox 2542 3520 2635 3592; x_wconf 80' lang='lat' dir='ltr'><strong>pa·</strong></span> 
     </span>
     <span class='ocr_line' id='line_1_20' title="bbox 580 3641 2635 3768; baseline -0.003 -53"><span class='ocrx_word' id='word_1_145' title='bbox 580 3646 892 3768; x_wconf 84' lang='lat' dir='ltr'><strong>nacisque</strong></span> <span class='ocrx_word' id='word_1_146' title='bbox 941 3672 1263 3742; x_wconf 86' lang='lat' dir='ltr'><strong>generum</strong></span> <span class='ocrx_word' id='word_1_147' title='bbox 1314 3652 1621 3718; x_wconf 91' lang='lat' dir='ltr'><strong>omnium</strong></span> <span class='ocrx_word' id='word_1_148' title='bbox 1662 3649 1853 3719; x_wconf 84' lang='lat' dir='ltr'><strong>radix</strong></span> <span class='ocrx_word' id='word_1_149' title='bbox 1891 3675 1928 3718; x_wconf 92' lang='lat' dir='ltr'><strong>e</strong></span> <span class='ocrx_word' id='word_1_150' title='bbox 1968 3652 2173 3737; x_wconf 88' lang='lat' dir='ltr'><strong>vino,</strong></span> <span class='ocrx_word' id='word_1_151' title='bbox 2214 3646 2500 3717; x_wconf 86' lang='lat' dir='ltr'><strong>chironii</strong></span> <span class='ocrx_word' id='word_1_152' title='bbox 2540 3641 2635 3709; x_wconf 88' lang='lat' dir='ltr'><strong>flos</strong></span> 
     </span>
     <span class='ocr_line' id='line_1_21' title="bbox 579 3782 2637 3901; baseline -0.004 -40"><span class='ocrx_word' id='word_1_153' title='bbox 579 3807 646 3901; x_wconf 84' lang='lat' dir='ltr'><strong>et</strong></span> <span class='ocrx_word' id='word_1_154' title='bbox 689 3817 916 3860; x_wconf 87' lang='lat' dir='ltr'><strong>semen</strong></span> <span class='ocrx_word' id='word_1_155' title='bbox 956 3806 1231 3885; x_wconf 88' lang='lat' dir='ltr'><strong>potum,</strong></span> <span class='ocrx_word' id='word_1_156' title='bbox 1278 3782 1607 3863; x_wconf 83' lang='lat' dir='ltr'><strong>illitumve</strong></span> <span class='ocrx_word' id='word_1_157' title='bbox 1645 3819 1726 3862; x_wconf 82' lang='lat' dir='ltr'><strong>ex</strong></span> <span class='ocrx_word' id='word_1_158' title='bbox 1766 3794 1934 3862; x_wconf 91' lang='lat' dir='ltr'><strong>vino</strong></span> <span class='ocrx_word' id='word_1_159' title='bbox 1971 3808 2037 3863; x_wconf 90' lang='lat' dir='ltr'><strong>et</strong></span> <span class='ocrx_word' id='word_1_160' title='bbox 2084 3792 2287 3861; x_wconf 85' lang='lat' dir='ltr'><strong>oleo:</strong></span> <span class='ocrx_word' id='word_1_161' title='bbox 2326 3788 2637 3886; x_wconf 87' lang='lat' dir='ltr'><strong>privatim·</strong></span> 
     </span>
     <span class='ocr_line' id='line_1_22' title="bbox 582 3897 2634 4034; baseline -0.004 -28"><span class='ocrx_word' id='word_1_162' title='bbox 582 3963 752 4031; x_wconf 88' lang='lat' dir='ltr'><strong>que,</strong></span> <span class='ocrx_word' id='word_1_163' title='bbox 805 3908 952 4031; x_wconf 84' lang='lat' dir='ltr'><strong>quae</strong></span> <span class='ocrx_word' id='word_1_164' title='bbox 1013 3897 1238 4007; x_wconf 83' lang='lat' dir='ltr'><strong>cunila</strong></span> <span class='ocrx_word' id='word_1_165' title='bbox 1297 3938 1561 4009; x_wconf 86' lang='lat' dir='ltr'><strong>bubula</strong></span> <span class='ocrx_word' id='word_1_166' title='bbox 1632 3937 2007 4033; x_wconf 89' lang='lat' dir='ltr'><strong>appellatur</strong></span> <span class='ocrx_word' id='word_1_167' title='bbox 2058 3963 2075 4006; x_wconf 71' lang='grc' dir='ltr'><strong><em>ε</em></strong></span> <span class='ocrx_word' id='word_1_168' title='bbox 2136 3935 2505 4034; x_wconf 85' lang='lat' dir='ltr'><strong>polemonia</strong></span> <span class='ocrx_word' id='word_1_169' title='bbox 2552 3924 2634 3997; x_wconf 85' lang='lat' dir='ltr'><strong>vel</strong></span> 
     </span>
    </p>
   </div>
   <div class='ocr_carea' id='block_1_5' title="bbox 584 4076 2635 4175">
    <p class='ocr_par' dir='ltr' id='par_1_6' title="bbox 584 4076 2635 4175">
     <span class='ocr_line' id='line_1_23' title="bbox 584 4076 2635 4175; baseline -0.003 -25"><span class='ocrx_word' id='word_1_170' title='bbox 584 4080 945 4173; x_wconf 84' lang='lat' dir='ltr'><strong>philetaeria</strong></span> <span class='ocrx_word' id='word_1_171' title='bbox 996 4080 1237 4152; x_wconf 85' lang='lat' dir='ltr'><strong>radicis</strong></span> <span class='ocrx_word' id='word_1_172' title='bbox 1273 4081 1628 4152; x_wconf 87' lang='lat' dir='ltr'><strong>drachmis</strong></span> <span class='ocrx_word' id='word_1_173' title='bbox 1651 4098 1942 4175; x_wconf 88' lang='lat' dir='ltr'><strong>quatuor</strong></span> <span class='ocrx_word' id='word_1_174' title='bbox 1975 4107 2059 4152; x_wconf 82' lang='lat' dir='ltr'><strong>ex</strong></span> <span class='ocrx_word' id='word_1_175' title='bbox 2107 4106 2292 4152; x_wconf 89' lang='lat' dir='ltr'><strong>mero</strong></span> <span class='ocrx_word' id='word_1_176' title='bbox 2323 4108 2340 4151; x_wconf 76' lang='lat' dir='ltr'><em>z</em></span> <span class='ocrx_word' id='word_1_177' title='bbox 2380 4076 2635 4155; x_wconf 81' lang='lat' dir='ltr'><strong>teucria,</strong></span> 
     </span>
    </p>
   </div>
  </div>
 </body>
</html>
