2846 4869
540 411 649 471 140
955 401 1017 455 C.
1058 399 1291 455 PLINII
1332 398 1523 453 HlST.
1564 396 1741 453 NAT.
1784 397 1923 452 LIB.
1952 397 2141 453 XXV.
2226 397 2239 407 ⁹

540 528 898 598 herbarum
925 578 943 611 ,
1007 540 1141 594 tam
1204 524 1492 618 benigne
1551 524 1829 618 gratiam
1893 521 2212 591 memoria
2271 521 2595 591 referente.

541 676 697 744 Non
727 694 910 765 aeque
942 670 1082 738 haec
1113 690 1273 736 cura
1309 690 1543 734 eorum
1580 666 1751 734 mira
1787 665 2031 753 in·his;
2066 661 2217 759 qua!
2248 681 2397 750 satu
2426 666 2599 736 blan-

545 815 853 900 diuntur,
894 826 1010 881 aut
1054 810 1202 880 cibo
1251 810 1540 878 invitant
1584 835 1600 876 :
1642 807 1938 878 culmina
1974 834 2241 903 quoque
2289 810 2603 879 montium

547 960 725 1028 invia
757 972 822 1027 et
854 953 1241 1026 solitudines
1275 952 1566 1039 abditas,
1600 954 1947 1046 omnisque
1982 968 2174 1022 terrae
2202 953 2403 1022 fibras
2438 979 2605 1023 scru-

549 1106 669 1174 tati
700 1105 1046 1187 invenere,
1074 1097 1234 1193 quid
1270 1123 1550 1193 quaeque
1576 1097 1773 1167 radix
1802 1097 2112 1193 polleret,
2142 1097 2226 1167 ad
2258 1124 2430 1193 quos
2461 1124 2605 1168 usus

547 1248 904 1319 herbarum
939 1242 1095 1312 folia
1131 1243 1567 1336 pertinerent,
1602 1244 1800 1311 etiam
1829 1243 2337 1337 quadrupedum
2373 1243 2606 1339 pabulo

554 1396 800 1463 intacta
839 1389 925 1459 ad
961 1387 1189 1458 salutis
1228 1412 1388 1457 usus
1428 1402 1778 1457 vertentes.

1047 2197 1162 2269 Qui
1198 2199 1370 2256 latine
1398 2218 1526 2256 usus
1554 2218 1746 2257 earum
1771 2181 2112 2274 scripserint.

647 2410 735 2477 Π.
771 2432 834 2477 2.
869 2408 1099 2478 Minus
1131 2408 1294 2500 hoc,
1330 2437 1530 2506 quam
1566 2397 1689 2507 par
1727 2427 1906 2502 erat,
1937 2410 2147 2481 nostri
2176 2407 2615 2496 celebravere,

557 2554 852 2622 omnium
891 2553 1254 2627 utilitatum
1293 2573 1359 2627 et
1399 2559 1726 2628 virtutum
1768 2557 2193 2652 rapacissimi.
2231 2557 2618 2650 Primusque

550 2712 615 2766 et
654 2697 790 2767 diu·
815 2698 991 2769 solus
1029 2699 1206 2769 idem
1248 2699 1358 2769 ille
1396 2704 1495 2771 M.
1542 2704 1754 2788 Cato,
1799 2702 2099 2771 omnium
2146 2701 2481 2769 bonarum
2515 2723 2617 2767 ar-

555 2845 721 2912 tium
775 2846 1127 2939 magister,
1179 2847 1406 2940 paucis
1458 2845 1804 2916 dumtaxat
1858 2847 2141 2941 adtigit,
2181 2846 2390 2914 boum
2428 2846 2619 2913 etiam
2734 2876 2741 2889 ·

559 2987 887 3058 medicina
920 3013 1057 3057 non
1087 2990 1345 3058 omissa.
1373 2993 1536 3060 Post
1567 3015 1720 3059 eum
1751 3015 1926 3060 unus
1959 2989 2317 3059 illustrium
2350 2990 2620 3058 tentavit

552 3109 954 3228 Cr‘Valgius
1007 3133 1379 3205 eruditione
1429 3150 1758 3231 spectatus
1778 3187 1798 3223 ‚
1844 3126 2234 3230 imperfecto
2288 3134 2644 3204 volumine·

552 3275 636 3343 ad
685 3274 913 3363 divum
967 3281 1338 3373 Augustum
1357 3330 1378 3365 ,
1434 3279 1741 3348 inchoata
1790 3281 1990 3348 etiam
2047 3279 2435 3374 praefatione
2476 3277 2618 3347 reli-

555 3419 738 3513 giosa
766 3473 783 3506 ,
847 3436 920 3491 ut
983 3424 1296 3493 omnibus
1355 3422 1547 3493 malis
1605 3425 1914 3493 humanis
1975 3423 2147 3493 illiu‘s
2209 3426 2617 3519 potissimum

558 3564 875 3658 principis
919 3591 1177 3661 semper
1214 3566 1589 3638 mederetur
1628 3560 1951 3661 majestas.
