2846 4869
446 378 523 450 73
895 382 957 438 c,
1000 380 1234 437 ruml
1275 343 1467 438 msr.
1515 378 1688 438 NAT.
1729 381 1875 438 Lm.
1917 377 2129 443 xxm

444 530 723 577 aureum
758 507 1075 599 poculum
1108 506 1347 578 medici
1379 523 1644 578 vocant.
1681 511 1779 577 Ea
1816 522 1886 576 et
1920 532 2002 576 ex
2034 504 2227 577 melle
2256 506 2530 601 prodest

444 647 796 744 magnifice
853 648 937 718 ad
993 649 1258 734 tussim,
1294 651 1743 746 orthopnoeae,
1783 637 2146 722 cochlearis
2196 675 2527 720 mensura.

446 796 621 863 Cum
675 792 946 887 polenta
999 819 1157 864 vero
1212 810 1280 865 et
1325 806 1513 865 ace'to
1561 794 1778 891 lepras
1825 795 2017 866 tollit.
2075 796 2324 867 Eadem
2376 820 2531 865 cum

453 963 700 1033 panace
756 954 825 1007 et
876 939 1179 1034 capparis
1230 939 1456 1013 radice
1514 939 1801 1011 calculos
1851 940 2099 1039 frangit
2122 994 2141 1031 ,
2190 940 2529 1036 pellitque.

450 1085 671 1189 Panos
709 1081 984 1152 discutit
1005 1134 1024 1168 ‚
1068 1108 1224 1166 cum
1272 1083 1487 1155 farina
1528 1083 1900 1155 hordeacea
1930 1098 1996 1154 et
2035 1068 2195 1153 vino
2236 1083 2531 1154 decocta.

450 1228 774 1297 Miscetur
823 1240 892 1294 et
939 1225 1354 1323 malagmatis
1379 1281 1398 1317 ‚
1444 1244 1510 1298 et
1548 1227 1835 1324 collyriis
1856 1282 1876 1315 ,
1916 1227 2234 1298 claritatis
2278 1253 2480 1298 causa
2516 1255 2533 1297 ε

456 1385 978 1440 sternutamento
1019 1368 1199 1439 utilis
1239 1373 1413 1443 inter
1453 1397 1665 1467 pauca
1698 1399 1715 1442 ε
1754 1344 1913 1442 lieni
1951 1395 2219 1466 quoque
2258 1395 2334 1442 ac
2365 1372 2550 1465 joci»

457 1515 622 1583 neri.
653 1513 904 1583 Eadem
937 1527 1096 1606 pota
1127 1512 1384 1585 denarii
1423 1516 1623 1584 unius
1656 1514 1951 1609 pondere
1976 1538 2063 1584 ex
2092 1513 2305 1584 mulsa
2333 1539 2545 1609 aqua,

462 1660 873 1753 suspiriosos>
905 1673 1113 1728 sanat.
1167 1660 1277 1728 Sic
1329 1673 1399 1727 et
1447 1642 1871 1753 pleuritic08‚
1919 1670 1987 1728 et
2035 1684 2261 1729 omnes
2316 1658 2546 1729 lateris

458 1801 759 1893 dolores,
796 1829 1018 1874 semen
1059 1830 1141 1873 ex
1183 1828 1375 1897 aqua.

565 2099 964 2185 Apocynum
998 2090 1217 2159 frutex
1252 2106 1351 2160 est
1384 2089 1546 2161 folio
1579 2090 1823 2180 ederae,
1859 2091 2166 2162 molliore
2195 2106 2418 2162 tamen
2434 2144 2452 2181 ‚
2484 2108 2557 2162 et

466 2235 685 2304 minus
747 2231 964 2328 longis
1025 2231 1348 2321 viticulis,
1402 2236 1651 2305 semine
1698 2250 1933 2324 acute,
1963 2220 2238 2324 diviso,
2290 2235 2556 2331 lanugi-

470 2401 635 2447 noso
657 2429 676 2464 ‚
717 2377 903 2473 gravi
943 2376 1170 2447 odore.
1213 2378 1432 2447 Canes
1470 2392 1537 2447 et
1579 2403 1807 2457 omnes
1852 2378 2316 2475 quadrupedes
2355 2396 2558 2451 necat

470 2522 539 2590 in
574 2521 724 2591 cibo
762 2520 1011 2590 datum.

1173 2825 1331 2884 Rore
1354 2828 1585 2885 marino
1603 2869 1621 2898 ,
1662 2847 1837 2886 xvut.

568 3019 745 3087 LIX.
786 3020 906 3087 Est
945 3032 1014 3086 et
1050 3021 1516 3089 rosmarinum.
1562 3023 1719 3092 Duo
1761 3013 2002 3115 genera
2041 3019 2207 3113 ejus.
2250 3017 2564 3091 Alterum

476 3160 701 3238 sterile
724 3214 743 3248 ‚
800 3161 1107 3234 alterum*
1131 3165 1242 3232 cui
1264 3223 1269 3228 .
1294 3178 1364 3233 et
1408 3163 1658 3253 caulis,
1706 3179 1773 3233 et
1825 3188 2052 3233 semen
2103 3163 2514 3233 resinaceum
2542 3215 2564 3249 ,

476 3303 660 3398 quod
693 3306 1294 3401 cachrysvocatur.
1330 3304 1532 3377 Foliis
1569 3308 1737 3377 odor
1773 3309 2008 3378 thuris.
2036 3306 2256 3379 Radix
2284 3305 2569 3376 vulnera

477 3464 667 3518 sanat
714 3449 943 3526 viridis
995 3452 1304 3545 imposita
1323 3499 1343 3539 ‚
1396 3467 1463 3521 et
1511 3452 1682 3522 sedis
1732 3423 2187 3547 procidenti&
2239 3448 2568 3545 condylo-

478 3607 655 3662 mata
681 3643 700 3680 ‚
755 3608 824 3661 et
872 3595 1415 3666 haemorrhoidas,
1477 3598 1726 3665 Succus
1781 3610 1847 3665 et
1900 3585 2155 3666 fruticis
2208 3610 2274 3664 et
2323 3594 2569 3664 radicis
2635 3625 2640 3632 “

480 3734 790 3805 morbum
823 3738 1111 3832 regium,
1146 3753 1212 3806 et
1240 3762 1315 3807 ea
1351 3765 1497 3833 quae
1527 3739 1952 3836 repurganda
1987 3754 2162 3809 sunt.
2193 3737 2569 3824 Oculorum

482 3881 690 3948 aciem
730 3871 1010 3950 exacuit.
1053 3850 1291 3950 Semen
1325 3883 1410 3951 ad
1442 3898 1664 3955 vetera
1703 3886 1989 3979 pectoris
2027 3885 2187 3953 vitia
2219 3883 2418 3952 datur
2450 3908 2570 3979 po-

487 4024 605 4091 tui.
639 4028 727 4092 Et
769 4024 854 4095 ad
899 4023 1132 4094 vulvas
1173 4050 1323 4098 cum
1365 4030 1524 4097 vino
1563 4042 1632 4096 et
1678 4029 1930 4123 pipere.
1970 4030 2235 4097 Menses
2271 4027 2563 4120 adjuvat.
