2846 4869
471 373 583 449 ²96
897 380 959 434 C.
1002 380 1236 436 PLINII
1276 380 1470 438 HIST.
1512 381 1684 438 NAT.
1725 382 1868 437 LIB-
1894 381 2081 439 XXV.

469 497 647 591 thyia
688 503 1219 596 cognominatam
1256 517 1499 598 putant
1519 554 1539 589 ,
1577 504 1896 597 quoniam
1930 505 2245 598 privatim
2285 503 2543 574 medea-

467 658 579 712 tur
619 645 1015 718 feminarum
1059 647 1267 720 malis.
1319 653 1438 719 Est
1479 664 1705 717 autem
1754 603 2066 718 absinthii
2111 649 2311 719 modo
2356 649 2545 719 stuti-

467 813 648 879 cosa,
679 792 1040 885 majoribus
1075 792 1281 878 foliis,
1307 793 1819 888 pinguibusque.
1846 796 2064 888 Ipsius
2093 794 2228 863 duo
2261 820 2502 889 genera
2529 819 2544 862 ε

471 931 679 1003 altera
734 933 1079 1006 latioribus
1131 934 1306 1005 foliis
1333 989 1351 1025 ,
1402 935 1612 1012 altera
1667 950 1894 1004 tenera
1943 937 2386 1007 tenerioribus
2413 987 2433 1022 ‚
2486 951 2549 1005 et

470 1105 607 1148 non
651 1081 779 1150 nisi
819 1082 898 1149 in
935 1082 1282 1150 maritimis
1322 1103 1619 1151 nascens.
1668 1084 1841 1151 Sunt
1887 1081 2002 1174 qui
2049 1082 2118 1150 in
2166 1080 2552 1151 mediterra-

470 1189 612 1292 neis
654 1223 887 1293 eodem
933 1226 1203 1293 nomine
1240 1222 1617 1319 appellent,
1660 1222 1944 1318 simplici
1993 1222 2222 1311 caule,
2259 1226 2550 1294 minimis

471 1365 683 1454 foliis,
724 1353 907 1437 floris
948 1370 1238 1466 copiosi,
1272 1369 1682 1463 erumpentis
1719 1393 1929 1461 quum
1966 1393 2094 1438 uva
2127 1371 2550 1456 maturescit,

473 1511 678 1582 odore
715 1537 851 1580 non
904 1511 1306 1606 injucunde,
1358 1538 1561 1606 quam
1613 1512 1887 1605 quidam
1929 1514 2173 1608 botryn
2194 1565 2215 1601 ,
2253 1512 2365 1583 alii
2417 1540 2554 1583 am-

473 1656 762 1726 brosiam
799 1673 1058 1727 vocant.
1099 1655 1276 1726 Talis
1308 1658 1378 1725 in
1418 1657 1842 1751 Cappadocia
1879 1658 2195 1727 nascitur.

477 2186 805 2270 Nymphaea,
828 2186 947 2240 sive
970 2185 1280 2255 heraclion,
1308 2184 1428 2244 sive
1454 2185 1756 2259 rhopalon,
1781 2183 1904 2240 sive
1928 2182 2158 2253 madon,
2187 2200 2397 2257 genera
2424 2182 2559 2251 duo,

857 2298 861 2301 ·
1306 2281 1602 2337 medicinae
1639 2300 1719 2337 1v.

577 2457 933 2526 XXXVII.
968 2457 1334 2551 Nymphaea
1375 2471 1533 2525 nata
1580 2455 1868 2525 traditur
1909 2455 2199 2551 nympha
2238 2452 2553 2546 zelotypia

483 2623 638 2693 erga
674 2594 1044 2669 Herculem
1065 2615 1348 2671 mortua.
1382 2602 1612 2689 Quare
1647 2599 2001 2671 heracleon
2037 2612 2280 2671 vocant
2320 2595 2555 2690 aliqui,

482 2742 594 2813 alii
640 2730 967 2838 rhopalon
985 2797 1004 2833 ,
1048 2768 1086 2812 a
1132 2742 1355 2812 radice
1397 2742 1602 2813 clavae
1644 2742 1865 2815 simili.
1894 2743 2207 2836 'Ideoque
2248 2767 2364 2811 eos
2384 2793 2402 2827 ‚
2445 2740 2554 2834 qui

480 2889 768 2958 biberint
812 2914 959 2958 eam
1006 2888 1359 2957 duodecim
1406 2887 1639 2958 diebus
1661 2940 1680 2977 ,
1723 2890 1905 2958 coitu
1948 2890 2382 2983 genituraque
2427 2885 2555 2980 pri-

482 3034 642 3103 vari.
688 3031 1171 3129 Laudatissima
1202 3034 1271 3101 in
1315 3033 1747 3106 Orchomeno
1789 3046 1854 3101 et
1885 3033 2303 3103 Marathone.

582 3447 792 3513 Boeoti
820 3444 1064 3515 madon
1090 3461 1362 3531 vocant,
1392 3447 1512 3539 qui
1545 3460 1613 3513 et
1643 3468 1862 3513 semen
1890 3444 2119 3513 edunt.
2153 3445 2468 3514 Nascitur
2491 3446 2552 3511 in

486 3592 780 3685 aquosis,
808 3590 980 3660 foliis
1008 3554 1296 3688 magniS‚
1323 3594 1394 3661 in
1423 3616 1681 3661 summa
1714 3617 1915 3699 aqua,
1950 3606 2016 3659 et
2053 3591 2311 3687 aliisbex
2347 3591 2554 3661 radice

482 3738 996 3834 prodeuntibuS,
1024 3738 1187 3807 flore
1217 3737 1360 3808 lilio
1388 3736 1615 3825 simili,
1646 3754 1716 3808 et
1741 3764 1951 3831 quum
1977 3737 2322 3825 defloruit„
2351 3740 2552 3833 capite

481 3878 866 3982 papaveris,
910 3888 1090 3954 tenui
1130 3885 1317 3955 caule
1353 3913 1368 3956 ε
1414 3902 1676 3956 secatur
1716 3902 2060 3957 autumno.
2110 3858 2327 3955 Radix
2371 3887 2544 3981 nigra

487 4035 554 4103 in
588 4034 725 4106 sole
760 4037 1064 4123 siccatur,
1101 4034 1618 4129 adversaturque
1655 4033 1912 4104 alvinis.
1950 4037 2068 4105 Est
2107 4049 2174 4102 et
2210 4032 2334 4102 alia
2375 4057 2579 4126 nym-·
