2846 4869
484 431 565 487 68
951 434 1013 489 C.
1056 433 1290 490 PLINH
1332 431 1527 491 HIST.
1571 431 1746 489 NAT.
1791 431 1931 487 LIB.
1960 430 2177 486 XXIV:

493 555 739 627 factam
771 559 1014 653 impari
1047 557 1361 637 folionum
1397 582 1706 639 numen-0,
1739 557 1929 627 aiunt
1961 555 2197 650 capit’ffi
2229 548 2570 621 doloribus

499 700 771 771 mederi.
822 696 1116 797 Quidam
1172 702 1307 772 duo
1360 679 1599 803 genera
1647 700 1930 771 smilacis
1981 700 2224 769 dixere.
2274 693 2574 767 Alterum

494 845 972 916 immortalitati
1020 849 1398 941 proximum
1422 898 1442 932 ‚
1482 848 1553 917 in
1610 826 2025 916 convallibus
2068 844 2332 939 opacis,
2380 867 2571 911 scan-

489 986 755 1066 dentem
788 987 1093 1076 arboreS‚
1119 988 1541 1057 comantibus
1571 991 1917 1058 acinorum
1938 962 2309 1083 corymbis,
2338 998 2577 1055 contra

485 1145 813 1200 venenata
858 1132 1082 1200 omnia
1139 1129 1612 1203 efficacissimis
1633 1183 1653 1218 ,
1702 1132 1774 1201 in
1809 1146 2073 1202 tantum
2114 1144 2190 1200 ut
2227 1130 2575 1199 acinorum

486 1301 684 1346 succo
734 1274 1102 1346 infantibus
1159 1300 1330 1370 saepe
1384 1274 1705 1346 instillato
1729 1329 1748 1363 ‚
1798 1274 1985 1346 nulla
2027 1291 2267 1379 ‘postea
2315 1297 2577 1343 venena

486 1416 791 1493 nocitura
843 1421 996 1488 sint.
1051 1418 1357 1490 Alterum
1417 1438 1627 1516 genus
1679 1419 1861 1490 culta
1914 1444 2140 1489 amare
2161 1473 2184 1505 ,
2228 1433 2296 1488 et
2343 1419 2414 1487 in
2468 1418 2576 1486 his

486 1564 719 1659 gigni,
773 1560 1023 1633 nullius
1079 1561 1371 1632 effectus.
1434 1561 1628 1633 Illam
1688 1551 1840 1634 esse’
1885 1561 2244 1637 smilacem-
2278 1562 2578 1657 priorem

483 1706 670 1808 cujus
719 1704 980 1803 lignum
1032 1706 1118 1779 ad
1168 1730 1362 1779 aures
1412 1731 1651 1779 sonare
1700 1706 2009 1787 diximus,
2070 1704 2365 1781 Similem
2415 1704 2577 1776 huic

484 1846 691 1944 aliqui
735 1850 1091 1921 clematida
1128 1846 1675 1945 appellaverunt,
1713 1818 2060 1946 repentem
2099 1874 2222 1944 per
2259 1850 2529 1917 arbores
2550 1900 2573 1937 ,

479 1993 929 2091 geniculatam
978 2009 1047 2063 et
1095 1996 1329 2089 ipsam.
1385 1994 1570 2064 Folia
1619 1997 1762 2090 ejus
1816 1993 2035 2090 lepras
2086 2009 2398 2090 purgant.
2435 1997 2576 2064 *Se-

479 2165 633 2208 men
675 2136 901 2206 alvum
943 2136 1140 2207 solvit
1184 2138 1517 2209 acetabuli
1552 2163 1864 2219 mensura
1885 2191 1905 2229 ‚
1954 2141 2023 2211 in
2067 2164 2257 2234 aquae
2302 2139 2584 2223 hemina,

479 2298 596 2353 aut
647 2306 816 2376 aqua
871 2280 1106 2365 mulsa,
1164 2286 1382 2353 Datur
1437 2308 1516 2353 ex
1568 2283 1797 2359 eadem
1849 2307 2052 2355 eausa
2095 2297 2184 2352 er
2220 2281 2578 2352 deoocmm

480 2426 644 2519 ejus.

1282 3012 1580 3069 Arundine
1597 3054 1615 3083 ‚
1650 3032 1772 3068 xtx.

526 3245 533 3252 ·
578 3225 653 3290 L.
705 3243 731 3290 1
754 3246 810 3291 1.
848 3219 1213 3292 Arundinis
1259 3225 1514 3317 genera*
1547 3247 1716 3307 xmx
1753 3189 2353 3292 demonstravimus
2376 3275 2395 3312 ,
2432 3248 2574 3292 non

485 3361 676 3433 aliter
731 3363 1136 3435 evidentiore
1188 3351 1301 3434 ‘illa
1356 3382 1610 3435 naturae
1660 3368 1724 3434 vi
1741 3418 1774 3454 ⁸,
1826 3390 2027 3476 quam
2081 3368 2417 3440 continuis
2466 3367 2578 3437 his

481 3506 937 3580 voluminibus
982 3523 1363 3602 tractamus.
1407 3473 1750 3603 Siquidem
1794 3509 2143 3590 arundinis
2184 3510 2374 3584 mdix
2417 3521 2582 3580 con-

481 3652 643 3724 trita
676 3666 743 3726 et
777 3653 1089 3748 imposita·
1110 3704 1129 3737 ‚
1164 3650 1359 3721 filicis
1398 3623 1676 3747 stirpem
1708 3677 1994 3748 corpore
2028 3654 2321 3722 extrahit
2358 3679 2376 3721 ε
2412 3654 2576 3722 item

484 3796 879 3872 arundinem
922 3795 1116 3866 filicis
1153 3796 1364 3865 radix.
1405 3797 1492 3867 Et
1517 3800 1848 3890 {quoniam
1887 3795 2077 3902 plura
2119 3773 2363 3893 genera
2409 3797 2574 3867 feci-

487 3967 635 4012 mus
658 3995 677 4032 ,
716 3941 829 4011 illa
865 3966 1015 4037 quae
1050 3941 1119 4010 in
1161 3936 1388 4034 Judeea
1430 3909 1746 4035 Syriaque
1789 3943 2084 4014 nascitur
2119 3941 2401 4020 odorum
2447 3967 2579 4012 un-

488 4101 1021 4181 guentorumque
1068 4110 1269 4166 cansa.
1285 4138 1305 4176 ,
1349 4087 1616 4160 urinam
1655 4102 1878 4158 movet
1918 4110 2069 4160 cum
2109 4087 2409 4184 gramine
2452 4104 2578 4159 aut
