2846 4869
510 392 622 451 352
943 395 1007 450 C.
1048 395 1284 450 PLINII
1324 394 1517 450 HIST.
1561 394 1732 453 NAT.
1775 396 1915 450 LIB.
1942 390 2125 451 XXV.

513 537 579 590 et
617 520 768 589 ideo
803 521 931 591 hoc
972 522 1398 615 inunguntur
1451 533 1652 605 ante,
1720 521 1968 613 quibus
2017 522 2462 615 paracentesis
2515 522 2609 590 fit.

516 671 990 737 Jumentorum
1053 688 1325 759 quoque
1375 664 1587 733 oculis
1657 664 2031 735 medentur.
2105 669 2357 736 Saccus
2415 684 2614 763 caput

511 825 760 906 purgat
792 835 913 905 per
950 834 1146 879 nares
1188 809 1446 879 infusus
1472 861 1491 896 ‚
1533 811 1627 877 ita
1673 824 1750 877 ut
1782 808 2026 879 deinde
2059 811 2611 909 vino-colluatur.

516 956 783 1026 Bibitur
813 968 881 1024 et
909 968 1145 1023 eontra
1175 978 1426 1049 angues
1453 956 1637 1022 succi
1667 949 1988 1024 drachma
2017 956 2087 1023 in
2120 956 2298 1024 vino,
2330 958 2613 1042 Mirum,

518 1098 703 1192 quod
729 1122 976 1191 pecora
1014 1095 1331 1165 feminam
1369 1097 1611 1166 vitant.
1648 1098 1739 1165 At
1774 1097 1828 1165 si
1862 1096 2139 1191 decepta
2176 1098 2615 1169 similitudine

523 1242 731 1338 (flore
765 1242 943 1311 enim
978 1253 1243 1309 tantum
1281 1238 1581 1335 distant)
1622 1239 2059 1336 degustavere
2087 1295 2105 1329 ‚
2150 1245 2374 1313 statim
2430 1271 2613 1333 eam,

514 1413 662 1482 quae
700 1368 879 1480 asyla
909 1374 1313 1481 appellatur,
1350 1387 1420 1454 in
1463 1386 1757 1455 remedio
1792 1403 2104 1480 quaerunt
2137 1416 2153 1457 :
2187 1414 2265 1460 ea
2296 1416 2335 1459 a
2370 1394 2614 1461 nostris

515 1533 693 1601 ferus
728 1529 964 1600 oculus
995 1545 1293 1599 vocatur.

616 2237 1020 2330 Praecipiunt
1057 2236 1262 2337 aliqui
1301 2240 1677 2328 effossuris»,
1712 2259 1867 2313 ante
1908 2243 2065 2314 solis
2099 2258 2360 2331 ortum,
2401 2246 2615 2339 prius-

518 2402 720 2471 quam
761 2380 1128 2476 quidquam
1165 2381 1355 2480 aliuda
1384 2385 1771 2481 loquantur,
1809 2403 1908 2458 ter
1942 2387 2229 2459 salutare
2262 2414 2447 2474 eam,
2483 2404 2614 2458 tum

520 2523 850 2594 sublatam
893 2531 1262 2624 exprimere
1299 2557 1315 2599 ε
1359 2534 1454 2600 ita
1498 2535 1870 2629 praecipuas
1912 2560 2053 2604 esse
2104 2537 2292 2603 vires,
2344 2539 2455 2604 De
2510 2560 2616 2603 eu-

520 2668 787 2766 phorbii
828 2696 1029 2741 succo
1062 2673 1221 2762 satis
1260 2674 1517 2749 dictum
1570 2693 1690 2747 est.
1755 2678 2179 2774 Lippitudini
2206 2732 2227 2766 ,
2286 2681 2345 2748 si
2402 2693 2619 2749 tumor

522 2814 649 2883 erit
675 2867 694 2902 ‚
729 2816 1139 2887 absinthium
1196 2843 1350 2889 eum
1393 2820 1589 2890 melle
1629 2824 1898 2911 tritum,
1934 2824 2228 2917 itemque
2270 2826 2616 2893 vettonicae

488 2955 737 3024 'farina
771 2955 1140 3028 conveniet.

1372 3204 1631 3278 AEgilops
1650 3247 1666 3275 ,
1710 3226 1778 3262 11.

622 3372 868 3442 XCIII.
913 3375 1250 3471 AEgilopas
1282 3394 1476 3448 sanat
1507 3369 1713 3449 herba
1750 3381 1983 3450 eodem
2018 3384 2327 3471 nomine,
2370 3405 2516 3476 quae
2546 3382 2608 3449 in

524 3511 779 3581 hordeo
819 3518 1147 3604 nascitur,
1192 3522 1395 3589 tritici
1436 3520 1637 3608 folio,
1674 3524 1923 3618 sem-ine
1963 3526 2255 3593 contrito
2305 3550 2464 3594 eum
2515 3524 2607 3593 fa-

525 3659 671 3727 rina
728 3660 1054 3753 permixta
1111 3664 1595 3759 impositaque,
1638 3665 1739 3735 vel
1792 3665 2011 3743 succo,
2056 3670 2474 3764 Exprimitur
2512 3669 2612 3737 hic

526 3830 564 3872 e
593 3802 783 3873 caule
814 3802 1122 3900 foliisque
1156 3789 1688 3905 praegnantibu8‚
1724 3812 1995 3908 dempta
2033 3815 2215 3908 spica
2240 3868 2261 3899 ‚
2289 3831 2359 3885 et
2398 3817 2466 3885 in
2498 3815 2609 3884 tri·

530 3951 758 4020 mestri
800 3950 1013 4021 farina
1060 3951 1387 4047 digeritur
1425 3959 1492 4025 in
1534 3955 1857 4051 pastillos.
