2846 4869
513 396 627 451 320
944 394 1009 449 C.
1053 392 1284 447 PLINII
1326 390 1521 446 HIST.
1567 390 1741 446 NAT.
1783 389 1924 448 LIB.
1956 387 2141 448 XXV.

521 523 804 590 maxime
853 517 1119 588 valebit.
1176 516 1363 586 Folia
1407 517 1610 586 habet
1635 571 1654 603 ‚
1710 514 1934 614 qualia
1974 539 2341 598 anemone,
2398 515 2608 583 divisa

519 668 656 760 apii
691 663 929 750 modo,
964 678 1167 758 caput
1203 663 1272 730 in
1307 649 1639 730 cauliculo
1678 661 2026 756 papaveris
2057 659 2415 768 silvestriS‚
2455 661 2612 727 item

521 810 836 880 radicem.
876 812 1164 878 Succum
1202 808 1379 876 croci
1423 804 1902 876 colore.acrem
1943 819 2008 873 et
2047 820 2343 873 acutum.
2382 804 2614 897 Nasci·

526 967 635 1021 tur
677 965 743 1020 ct
793 952 863 1018 in
916 912 1092 1018 arvis
1144 947 1323 1042 apud
1374 973 1517 1015 nos.
1573 939 1810 1017 Nostri*
1859 948 1988 1015 tria
2034 970 2276 1042 genera
2322 947 2470 1039 ejus
2520 946 2613 1014 fa-

525 1098 751 1182 ciunt,
787 1108 853 1163 et
886 1093 1254 1164 id.de1num
1291 1092 1621 1187 probant,
1651 1093 1842 1187 cujus
1878 1090 2069 1160 radix
2102 1092 2260 1160 thus
2297 1091 2607 1161 redoleat.

1265 1776 1576 1849 Agaricum
1592 1817 1610 1847 ‚
1655 1792 1871 1831 xxxin.

627 1968 844 2038 LVII.
880 1969 1210 2061 Agarioon
1242 1983 1319 2036 ut
1348 1967 1595 2063 fungus
1630 1968 1923 2036 nascitur
1958 1967 2029 2034 in
2059 1965 2410 2038 arboribus
2442 1966 2606 2034 circa

529 2110 985 2205 Bosphorum,
1020 2110 1244 2181 colore
1283 2086 1590 2181 candido.
1617 2115 1839 2182 Datur
1868 2087 2090 2180 'obolis
2129 2126 2420 2204 quatuor
2451 2135 2604 2179 con-

528 2255 764 2324 tritum
799 2280 953 2324 cum
988 2254 1161 2323 binis
1198 2257 1456 2350 cyathis
1492 2252 1660 2326 aceti
1701 2256 1916 2326 mulsi.
1954 2256 2032 2325 Id
2069 2255 2251 2350 quod
2288 2256 2357 2324 in
2394 2253 2599 2324 Gallia

528 2377 850 2488 nascitur,
887 2398 1215 2481 infirmius
1243 2401 1547 2473 habetur.
1581 2405 1907 2472 Praeterea
1937 2426 2079 2471 mas
2110 2402 2406 2496 spissior,
2437 2425 2602 2470 ama-

531 2546 990 2638 riorque.‘Hic
1040 2558 1107 2614 et
1154 2529 1386 2640 capitis
1437 2545 1697 2616 dolores
1748 2525 1927 2617 facit.
1978 2529 2252 2641 Femina
2302 2521 2601 2630 solutior,

531 2691 722 2761 initio
759 2706 959 2787 gustu
996 2689 1209 2760 dulcis
1231 2744 1250 2777 ,
1293 2716 1451 2761 mox
1485 2693 1556 2760 in
1593 2690 2106 2761 amaritudinem
2141 2693 2402 2760 transit.

1042 3019 1295 3089 Echios,
1326 3035 1535 3092 genera
1565 3038 1684 3090 1113
1719 3017 2015 3095 medicinae
2049 3037 2119 3075 11.

536 3194 543 3199 ’
629 3199 665 3265 Ι
668 3198 871 3265 VIII.
899 3195 1147 3265 Echios
1174 3195 1525 3289 utriusque
1553 3195 1857 3323 generis:
1887 3192 2178 3291 pulegio
2185 3191 2421 3263 similis
2444 3190 2597 3263 foliis

533 3356 883 3427 coronata,
922 3328 1253 3409 drachmis
1292 3317 1553 3409 duabus
1591 3365 1672 3408 ex
1708 3341 1847 3409 vini
1865 3316 2151 3435 cyathis
2178 3354 2470 3434 quatuor
2504 3338 2602 3408 da-

532 3500 664 3554 tur.
721 3487 892 3553 Item
951 3485 1204 3570 altera,
1252 3511 1400 3580 quae
1452 3483 1767 3581 lanugine
1819 3485 2255 3580 distinguitur
2303 3487 2600 3579 spinosa,

538 3629 645 3697 cui
698 3642 766 3695 et
820 3628 1111 3720 capitula
1169 3629 1411 3723 viperae
1462 3627 1704 3698 similia
1759 3644 1962 3733 sunt3
2005 3629 2150 3698 haec
2205 3653 2286 3698 ex
2341 3631 2496 3697 vino
2542 3641 2600 3694 et

533 3788 740 3842 aceto.
792 3770 1087 3889 Quidam
1134 3774 1371 3842 echion
1423 3788 1848 3869 personatam
1888 3787 2174 3867 vocant,
2231 3775 2428 3867 cujus
2456 3769 2599 3841 folio

534 3918 794 3989 nullum
835 3933 933 3988 est
969 3916 1164 3987 latius
1188 3971 1206 4006 ,
1251 3919 1538 4014 grand'es
1576 3920 1804 4017 lappas
1842 3921 2179 3990 ferentem.
2233 3922 2445 4015 Hujus
2498 3944 2592 3987 ra·

528 4063 741 4132 dicem
809 4032 1148 4137 decoctam
1216 4088 1297 4130 ex
1361 4079 1548 4132 aceto
1619 4062 1782 4134 dant
1837 4048 2053 4158 potui·
2121 4069 2584 4160 Hyoscyamum
