2846 4869
416 363 491 423 38
840 367 913 423 C.
950 368 1188 423 PLINII
1229 369 1425 425 HIST.
1469 369 1642 425 NAT.
1685 369 1826 424 LIB.
1855 370 2070 445 XXIV.

418 491 646 560 fierive
679 516 849 586 opus
891 494 994 561 sit.
1027 497 1397 589 Decoctum
1435 509 1501 562 et
1530 518 1568 561 e
1595 493 1887 592 lacryma
1925 493 2267 562 stomacho
2301 489 2499 577 utile,

420 651 690 705 ructum
731 651 798 705 et
856 637 1120 706 urinam
1174 614 1453 707 movens
1492 664 1508 705 ε
1554 638 1737 732 quod
1780 652 1846 706 et
1886 639 2117 733 capitis
2159 635 2502 704 doloribus

423 801 593 850 cum·
623 781 894 875 polenta
943 780 1244 852 illinitur.
1302 768 1491 873 Folia
1541 797 1773 853 tenera
1822 781 2033 851 oculis
2073 780 2499 851 inflammatis

430 914 808 994 illinuntur.
847 928 1021 994 Item
1058 926 1383 995 mastiche
1413 923 1668 996 lentisci
1706 924 2102 1021 replicandis
2140 923 2502 1019 palpebriS‚

425 1084 493 1137 et
532 1068 618 1137 ad
659 1068 1145 1175 extendendam
1194 1083 1416 1138 cutem
1453 1070 1523 1137 in
1565 1069 1772 1157 facie,
1811 1084 1875 1138 et
1914 1082 2279 1164 smegmata
2316 1064 2505 1136 adhi-
2552 1148 2558 1159 ι

426 1213 650 1313 betur,
697 1229 764 1282 et
805 1187 1196 1308 sanguinem
1243 1214 1738 1307 rejicientibuS‚
1786 1216 1952 1284 tussi
1992 1215 2196 1282 veteri
2235 1238 2251 1280 ε
2301 1226 2368 1281 et
2420 1211 2508 1310 ad

428 1360 656 1427 omnia
707 1383 854 1452 quae
911 1361 1305 1471 ammoniaci
1362 1360 1479 1428 vis.
1525 1359 1839 1429 Medetur
1881 1373 1949 1428 et
1991 1358 2249 1428 adtritis
2304 1359 2510 1452 parti-

429 1504 595 1590 buS,
640 1504 776 1572 sive
816 1502 964 1571 oleo
1001 1527 1037 1570 e
1073 1503 1320 1572 semine
1357 1503 1500 1596 ejus
1540 1502 1713 1574 facto
1748 1528 2042 1597 ceraeque
2081 1478 2330 1588 mixte,
2376 1504 2512 1571 sive

431 1645 606 1716 foliis
625 1699 644 1731 ‚
677 1672 758 1715 ex
794 1643 942 1714 oleo
981 1644 1296 1734 decoctiS,
1328 1647 1465 1714 sive
1497 1671 1649 1714 cum
1685 1671 1855 1740 aqua
1887 1640 2107 1715 virilia
2138 1629 2509 1715 foveantur.
2595 1716 2600 1722 ,

433 1794 587 1862 Scio
653 1795 1125 1861 Democratem
1193 1789 1527 1859 medicum
1589 1792 1658 1859 in
1726 1789 2105 1860 valetudine
2178 1789 2514 1859 Considiae

430 1941 526 2007 M.
571 1934 834 2006 Servilii
879 1931 1246 2004 consularis
1285 1933 1473 2019 filiae,
1512 1959 1777 2003 ornnem
1829 1935 2243 2003 curationem
2291 1948 2512 2003 auste-

431 2106 575 2149 ram
627 2079 1026 2165 recusantis,
1080 2076 1193 2147 diu
1250 2077 1606 2146 efficaciter
1662 2103 1857 2149 usum
1902 2077 2071 2148 lacte
2118 2086 2466 2173 caprarum
2496 2132 2515 2166 ,

435 2250 598 2320 quas
632 2206 910 2305 lentisco
948 2222 1275 2317 pascebat.
1381 2266 1383 2268 -

764 2360 793 2387 Ο

1212 3010 1217 3016 ,
1275 2937 1509 2991 Platano
1520 2976 1536 3004 ‚
1572 2953 1703 2990 xxv.

537 3154 789 3220 XXIX.
818 3151 881 3221 8.
912 3150 1173 3220 Platani
1202 3151 1643 3220 adversantur
1669 3146 2264 3242 vespertilionibus.
2293 3139 2527 3212 Pilulae

443 3321 672 3365 earum
710 3298 780 3363 in
816 3297 974 3364 vino
1015 3287 1187 3391 potie
1225 3295 1648 3365 denariorum
1689 3306 1979 3398 quatuor
2016 3289 2347 3383 pondere,
2386 3310 2527 3354 om-

446 3409 662 3508 nibus·
699 3438 1107 3533 serpentium
1161 3454 1228 3508 et
1285 3431 1713 3533 scorpionum
1776 3435 2047 3503 venenis
2101 3407 2453 3500 medentur
2508 3455 2523 3494 ε

447 3589 606 3654 item
645 3584 986 3652 ambustis,
1025 3587 1218 3673 Tusae
1260 3599 1504 3652 autern.
1531 3572 1706 3651 cum'
1732 3594 1914 3648 aceto
1947 3572 2135 3665 'acri,·
2184 3577 2556 3670 magisque,

449 3727 711 3813 scilliti,
765 3728 1152 3822 sanguinem
1205 3752 1472 3795 omnem
1527 3726 1791 3793 sistunt.
1849 3728 1934 3792 Et
1988 3721 2413 3816 lentiginem,
2465 3734 2531 3786 et

452 3853 931 3960 carcinomata,
974 3869 1422 3963 melaniasque
1467 3883 1756 3956 vetereS,
1798 3866 2027 3967 addito
2070 3863 2264 3934 melle
2304 3889 2531 3932 emen-

456 4016 634 4084 dant.
667 4015 849 4085 Folia
886 4031 954 4085 et
990 4031 1214 4085 cortex
1253 4012 1609 4081 illinuntur
1642 3994 2147 4080 collectionibus
2180 4022 2243 4077 et
2277 4033 2529 4102 suppu-
