2846 4869
490 425 566 483 66
914 430 990 487 C.
1030 430 1269 486 PLINH
1309 382 1502 486 HIST’.
1545 430 1715 485 NAT.
1758 428 1902 484 LIB.
1933 427 2154 485 xxlv.
2259 478 2262 481 .

489 558 645 627 uitis
665 608 685 646 ‚
736 583 821 626 ne
865 556 1209 628 laedantu‘r.
1248 561 1597 629 Gu'mmim
1632 561 1834 629 etiam
1874 560 1945 628 in
1983 558 2179 628 edera
2218 572 2528 652 quaerunt
2549 609 2570 645 ,

487 720 688 794 quam
726 727 805 771 ex
839 717 1026 807 aceto
1069 702 1492 774 utilissimam
1528 703 1848 774 ‘dentibus
1889 701 2310 797 promittunt.

1375 1155 1548 1210 'Cigto
1562 1195 1579 1222 ‚
1615 1169 1667 1209 V‘.

582 1375 896 1443 XLVIII.
958 1375 1180 1443 Groeci
1244 1374 1466 1444 vicino
1530 1370 1857 1444 vocabulo
1904 1373 2181 1443 'cisthon
2240 1362 2582 1465 apfiellant

487 1506 794 1585 fruticem
829 1517 1149 1611 majorem
1184 1517 1451 1617 thymo,
1485 1516 1662 1587 foliis
1694 1517 1913 1587 ocimi.
1943 1519 2105 1588 Duo
2142 1516 2282 1609 ejus
2308 1538 2577 1608 genera.

492 1658 644 1752 Flos
699 1657 992 1730 masculo
1042 1686 1344 1730 rosaceus
1371 1709 1399 1747 ,-
1436 1639 1704 1730 'feminae
1755 1659 1967 1755 albus.
2015 1659 2235 1728 Ambo
2286 1673 2576 1752 prosunt

438 1884 441 1887 Α
486 1785 919 1900 dysentericis
957 1821 1035 1875 ‘et
1088 1806 1537 1876 solutionibus
1586 1807 1876 1891 venti-iS,
1915 1807 1997 1875 in
2046 1807 2226 1874 vino.
2261 1818 2529 1874 austero
2559 1856 2581 1891 ,

487 1951 695 2018 ternis
736 1945 962 2045 digitis
997 1943 1162 2017 flore
1187 1962 1436 2044 capto,
1471 1964 1536 2051 et
1581 1949 1886 2020 similiter
1919 1949 2028 2018 'bis
2064 1948 2172 2019 die
2205 1962 2368 2042 poto
2405 1975 2421 2017 ε
2470 1946 2580 2017 ul·

486 2092 749 2162 ceribus
774 2058 1122 2162 'veteribus
1158 2107 1224 2161 et
1265 2062 1585 2163 ambustis
1625 2119 1780 2164 cum
1820 2096 1971 2164 cera
2008 2118 2028 2164 ε
2069 2111 2146 2181 εἰ,
2174 2119 2295 2190 per
2336 2119 2405 2163 se
2441 2096 2581 2164 oris

406 2252 411 2255 “
487 2235 842 2307 ulceribus,
883 2237 1021 2307 Sub
1068 2238 1172 2306 his
1220 2239 1500 2307 maxime
1538 2241 1837 2310 nascitur
1865 2225 2284 2334 hypocisthis
2303 2291 2323 2327 ,
2371 2264 2579 2331 quam

489 2383 661 2451 inter
699 2380 936 2451 herbas
977 2381 1292 2452 dicemus.

488 2866 648 2923 cisso
665 2868 993 2942 erythrano,
1013 2879 1084 2925 11.
1110 2845 1502 2941 chamaecisso,
1524 2868 1599 2926 1'1.
1630 2855 1894 2943 Smilace,
1915 2890 2016 2929 111.
2038 2860 2367 2944 clematide,
2392 2884 2579 2931 xv111.

586 3028 832 3111 XLIX.
866 3043 1090 3113 Cissos
1124 3045 1518 3140 erythranos
1549 3046 1631 3115 ab
1670 3028 1903 3117 iisdem
1934 3046 2306 3142 appellatur
2339 3048 2581 3119 similis

483 3185 743 3275 ederae,
783 3169 1252 3258 coxendicibus
1294 3188 1475 3259 utilis
1520 3214 1559 3258 e
1602 3192 1763 3260 vino
1804 3206 2005 3285 potus
2042 3194 2261 3295 :sitem
2310 3192 2581 3263 lumbis.

418 3332 425 3340 ’
489 3332 773 3398 Tantam
806 3311 1159 3402 vim-acini
1200 3334 1423 3438 aiunt,
1466 3350 1539 3403 ut
1579 3339 1969 3431 sanguinem
2010 3313 2202 3408 urina
2245 3339 2581 3409 detrahat.

490 3469 662 3544 Item
717 3449 1209 3547 chamaecisson
1234 3453 1573 3574 appellant
1626 3480 1893 3550 ederam
1915 3534 1937 3572 ‚
1974 3508 2113 3552 non
2159 3481 2583 3575 attollentem

493 3641 577 3722 se·
596 3641 636 3685 a
679 3631 878 3686 terra.
929 3623 1017 3690 Et
1065 3620 1205 3712 baec
1251 3638 1529 3693 contusa
1581 3625 1651 3692 in
1701 3626 1855 3693 vino
1899 3625 2224 3695 acetabuli
2265 3651 2586 3699 mensura

490 3760 650 3831 lieni
716 3763 1040 3833 m‘edetur.
1104 3763 1288 3834 Folia
1349 3767 1673 3838 ambustis
1734 3794 1892 3844 cum,
1944 3772 2259 3867 axungia.
2327 3771 2589 3845 Smilax

495 3930 762 4001 quoque
785 3959 802 3994 ‚
851 3909 966 4001 qui
1019 3924 1085 3977 et
1130 3910 1535 4004 nicophoros
1589 3917 2144 4010 cognominatur,
2197 3917 2588 3989 similitudi-

496 4075 650 4121 nem
703 4052 917 4122 ederae
966 4033 1171 4150 ‘habet
1190 4107 1210 4145 ‚
1263 4057 1680 4128 tenuioribus
1737 4058 1931 4131 soliis,
1980 4064 2319 4133 Coronam
2371 4088 2453 4134 ex
2498 4090 2584 4134 eo
