2846 4869
500 441 613 538 *⁹2²4
934 442 998 498 c.
1039 441 1270 499 PLINII
1310 443 1503 501 msT.
1545 446 1715 502 NAT.
1762 423 1900 502 Lm.
1927 447 2104 503 xxv.

495 569 836 662 Aiuntque
858 619 876 649 ‚
928 570 983 638 si
1016 594 1189 663 aqua
1226 586 1579 667 spargatur
1613 572 1977 645 triclinium
1998 628 2019 666 ‚
2057 598 2192 669 qua
2219 577 2585 666 maduerit,

497 707 781 783 laetiores
822 715 1167 804 convictus
1222 715 1388 785 fieri.
1443 717 1778 788 Adversus
1831 736 2166 815 serpentes
2215 724 2587 793 conteritur

497 880 579 925 ex
610 858 789 928 vino.

1347 1297 1615 1355 Blattaria
1637 1340 1653 1369 ,
1691 1319 1732 1355 1.

462 1537 467 1544 .
590 1484 735 1550 LX.
772 1484 891 1550 Est
929 1480 1159 1563 similis
1201 1480 1516 1553 verbasco
1557 1483 1761 1552 herba
1784 1534 1802 1568 ‚
1840 1505 1994 1580 quae
2032 1506 2207 1578 saepe
2245 1478 2415 1550 fallit
2449 1506 2577 1575 pro

491 1650 568 1695 ea
596 1640 788 1721 capta
806 1678 825 1715 ‚
851 1623 1024 1696 foliis
1055 1627 1275 1696 minus
1306 1626 1641 1716 candidis,
1672 1612 2009 1698 cauliculis
2037 1625 2341 1722 pluribus
2360 1678 2380 1714 ,
2412 1624 2577 1695 flore

485 1769 691 1840 luteo.
725 1775 882 1840 Haec
910 1770 1164 1865 abjecta
1181 1768 1435 1840 blattas
1460 1771 1529 1839 in
1558 1795 1628 1840 se
1653 1772 2017 1859 contrahit,
2039 1771 2323 1866 ideoque
2347 1774 2582 1841 Romae

486 1913 795 1985 blattaria
833 1930 1130 1985 vocatur.

1303 2260 1678 2333 Lemonium·‚
1716 2280 1761 2320 ι.

1453 2350 1464 2372 Ι

577 2474 760 2542 LXI.
790 2472 1198 2541 Lemonium
1233 2495 1507 2545 succum
1543 2469 1825 2542 lacteum
1860 2470 2104 2560 mittit,
2139 2483 2577 2543 concrescen-

485 2632 620 2687 tem
657 2618 913 2713 gummi
950 2614 1150 2684 modo
1171 2667 1191 2701 ‚
1221 2615 1516 2694 humidis
1550 2612 1732 2685 locis.
1767 2617 1986 2685 Datur
2014 2614 2274 2685 denarii
2309 2616 2571 2710 pondus

486 2760 556 2831 in
597 2762 773 2830 vino.

478 3025 812 3099 Pentapetes
827 3064 844 3094 ,
880 3022 1001 3080 sive
1036 3021 1448 3098 pentaphyllon
1463 3063 1481 3091 ,
1512 3021 1631 3077 sive
1662 3021 2043 3078 chamaezelon
2060 3062 2079 3092 ‚
2112 3023 2238 3096 qua'e
2274 3022 2560 3099 quinque-

1114 3114 1351 3172 folium:
1376 3111 1673 3170 medicinae
1703 3133 1921 3171 χχχιιι.

574 3292 786 3360 LXII.
822 3289 1378 3385 Quinquefolium
1413 3290 1584 3360 nulli
1616 3291 1927 3387 ignotum
1958 3307 2090 3380 est,
2122 3315 2335 3385 quum
2367 3292 2562 3362 etiam

478 3433 665 3529 fraga
714 3433 1047 3529 gignendo
1092 3432 1601 3504 commendetur
1644 3459 1660 3503 z
1703 3436 1920 3504 Graeci
1943 3449 2199 3505 *vocant
2238 3451 2561 3531 pentape-

477 3556 619 3663 tes,
666 3578 803 3647 sive
839 3560 1340 3674 pentaphyllon.
1383 3578 1616 3666 Quum
1661 3577 2009 3664 effoditur,
2046 3578 2320 3648 rubram
2359 3580 2554 3649 habet

475 3723 790 3793 radicem.
832 3726 988 3790 Haec
1023 3722 1433 3800 inarescens,
1468 3720 1785 3816 nigrescit
1821 3736 1889 3790 et
1922 3720 2250 3817 angulosa
2286 3722 2382 3795 fit.
2417 3724 2550 3793 No-

477 3893 633 3938 men
668 3892 712 3937 a
746 3888 1029 3975 numero
1071 3864 1382 3936 foliorum
1417 3865 1637 3935 habet.
1674 3869 1765 3936 Et
1800 3867 1943 3961 ipsa
1977 3836 2184 3936 herba
2219 3867 2445 3961 incipit
2478 3878 2537 3932 et

478 4008 719 4093 desinit
757 4038 910 4085 cum
950 4013 1105 4082 vite.
1145 4010 1518 4083 Adhibetur
1556 4026 1621 4080 et
1661 4009 2023 4107 purgandis
2065 4011 2387 4081 do'mibus.
