2846 4869
504 382 618 439 338
937 383 999 438 C.
1040 382 1280 438 PLINII
1322 382 1515 438 HIST.
1559 382 1728 437 NAT.
1772 381 1914 436 LIB.
1943 380 2134 436 XXV.

500 507 810 577 Alterum
851 531 1061 602 genus
1115 506 1417 600 ejusdem
1457 508 1525 574 in
1580 503 1762 575 silvis
1790 556 1808 592 ,
1835 571 1838 582 ,
1868 506 2124 599 nigrius
2152 555 2170 592 ,
2228 502 2598 597 majoribus

502 653 695 724 foliis.
735 656 917 723 Usus
956 655 1025 721 in
1064 651 1286 722 radice
1324 654 1675 745 utriusque
1713 650 2028 720 adversus
2068 674 2267 736 ranas
2307 663 2374 717 et
2410 646 2598 742 lepo-

437 829 442 835 ·
502 822 606 866 res
640 799 958 885 marinoS,
986 797 1316 868 drachmae
1354 795 1650 889 pondere
1687 796 1752 863 in
1787 796 1925 863 vini
1961 809 2145 889 potu.
2178 794 2427 886 Lep'or'i
2461 818 2598 874 ma·

502 945 654 1012 rino
682 941 1074 1012 adversatur
1102 957 1168 1011 et
1199 941 1625 1036 cyclaminos.
1653 941 1913 1011 Veneni
1948 940 2084 1008 vim
2113 938 2299 1008 canis
2331 962 2601 1031 quoque

506 1087 723 1156 rabidi
765 1095 1028 1156 morsus
1064 1085 1315 1154 habent
1344 1138 1364 1172 ‚
1405 1099 1642 1154 contra
1674 1070 1860 1177 quos'
1881 1085 2009 1152 erit
2051 1082 2556 1176 cynorrhodum
2584 1133 2601 1168 ,

504 1233 587 1301 de
623 1257 760 1327 quo
793 1230 1099 1299 diximus.
1142 1227 1470 1323 Plantago
1515 1227 1599 1296 ad
1639 1252 1872 1297 omnes
1921 1228 2282 1296 bestiarum
2339 1250 2602 1295 morsus

505 1391 661 1470 pota
691 1390 888 1468 atque
921 1372 1088 1443 illita
1130 1373 1419 1470 prodest.
1458 1374 1815 1443 Vettonica
1848 1397 1928 1440 ex
1958 1396 2143 1441 mero
2184 1386 2426 1439 vetere.

1295 2123 1639 2179 Peristereos
1655 2164 1671 2192 ‚
1713 2139 1794 2178 v1.

597 2334 976 2402 LXXVIII.
1033 2334 1434 2402 peristereos
1495 2348 1775 2401 vocatur
1800 2386 1818 2421 ,
1863 2332 2049 2403 caule
2096 2332 2269 2420 alto,
2323 2334 2558 2404 foliato
2580 2387 2599 2423 ‚

507 2480 848 2563 cacumine
887 2482 956 2547 in
996 2477 1157 2546 alios
1209 2476 1431 2547 caules
1469 2503 1537 2546 se
1573 2482 1893 2573 spargens
1918 2531 1936 2566 ,
1985 2477 2311 2549 columbis
2361 2480 2593 2549 admo-

501 2626 661 2693 dum
713 2616 1088 2709 familiaris,
1134 2621 1313 2690 unde
1345 2637 1412 2690 et
1450 2648 1714 2691 nomen.
1753 2626 1942 2692 Hanc
1987 2624 2307 2694 habentes
2351 2642 2597 2721 negant

502 2765 730 2835 latrari
768 2791 807 2834 a
843 2765 1138 2832 canibus,

1134 3000 1408 3056 Remedia
1440 3001 1706 3056 adversus
1734 3018 1967 3057 venena.

612 3196 920 3263 LXXIX.
956 3194 1269 3299 Proxima
1296 3195 1378 3262 ab
1402 3194 1506 3262 his
1542 3193 1732 3263 malis
1769 3219 2023 3264 venena
2054 3212 2240 3285 sunt,
2275 3224 2426 3293 quae
2450 3201 2607 3269 sibi--

505 3331 772 3435 metipsi
815 3331 1120 3400 homines
1179 3334 1576 3427 excogitant.
1619 3335 1874 3402 Contra
1928 3333 2072 3403 haec
2125 3337 2354 3407 omnia
2390 3338 2585 3433 magi-

506 3494 748 3563 casque
787 3483 963 3537 artes
997 3470 1125 3538 erit
1159 3470 1451 3564 primum
1493 3467 1658 3537 illud
1695 3472 2129 3540 Homericum
2174 3472 2358 3568 moly
2384 3527 2402 3562 ‚
2442 3473 2587 3543 dein

504 3604 970 3675 mithridation
995 3655 1013 3689 ‚
1055 3620 1122 3673 et
1156 3599 1477 3674 scordotis
1500 3655 1518 3692 ,
1564 3620 1627 3673 et
1664 3581 2105 3676 cent-aurium.
2150 3613 2327 3679 Potu
2372 3612 2587 3681 omnia

505 3740 679 3811 mala
718 3739 1194 3825 medicamenta
1228 3744 1429 3837 exigit
1460 3767 1579 3837 per
1614 3741 1840 3812 alvum
1879 3747 2223 3815 vettonicae
2267 3773 2485 3818 semen
2521 3751 2585 3816 in

506 3878 724 3949 mulso
760 3894 876 3948 aut
907 3902 1126 3973 passo,
1158 3877 1259 3946 vel
1293 3880 1521 3949 farinae
1556 3879 1872 3949 drachma
1908 3850 1975 3950 in
2009 3884 2152 3951 vini
2179 3888 2414 3954 veteris
2446 3911 2586 3980 cya-

510 4020 643 4088 this
682 4044 772 4088 ιν.
816 4023 1107 4088 Vomere
1161 4020 1482 4112 cogendi,
1526 4034 1726 4113 atque
1763 4021 2005 4089 iterum
2047 3999 2294 4092 bibere.
2349 4026 2434 4093 Iis
2474 4018 2584 4117 qu'i
