2846 4869
545 390 660 449 368
992 397 1055 452 C.
1100 395 1334 452 PL1N11
1376 396 1570 454 HIST.
1616 396 1789 454 ΝΑΤ.
1831 396 1976 453 Lm.
2019 397 2202 453 XXV.

541 519 878 612 parotidas
910 521 1520 592 manvei-benacan
1547 546 1857 616 quoque:
1885 523 2045 592 item
2075 518 2436 617 plantago:
2471 522 2625 593 item

542 660 828 732 sideritis
852 716 873 754 ‚
907 688 1062 735 cum
1090 666 1384 760 axungia
1415 680 1655 735 vetere.

1170 1072 1450 1130 Remedia
1478 1072 1555 1129 ad
1591 1072 1815 1130 narium
1843 1073 2001 1131 vitia.

639 1284 812 1353 CIV.
853 1283 1137 1355 Narium
1178 1308 1437 1354 ozaenas
1472 1285 1783 1355 emendat
1826 1282 2257 1355 aristolochia
2308 1308 2467 1354 cum
2522 1308 2625 1378 cy—

537 1451 722 1522 pem·

1100 1675 1378 1731 Remedia
1415 1674 1493 1732 ad
1523 1675 1781 1732 dentium
1819 1674 2070 1733 dolores.

641 1890 784 1960 CV.
828 1888 1164 1959 Dentibus
1201 1887 1500 1959 remedio
1541 1904 1698 1959 sunt
1734 1889 2004 1983 panacis
2040 1887 2233 1959 radix
2284 1914 2622 1960 comman-

537 2002 781 2101 ducata
801 2084 820 2119 ‚
875 2035 1206 2131 praecipue
1239 2031 1596 2121 chironiae,
1632 2034 1794 2101 item
1830 2056 2067 2102 succus
2099 2028 2406 2101 collutis:
2440 2030 2622 2100 radix

536 2176 916 2271 hyoscyami
949 2201 1028 2245 ex
1062 2191 1248 2245 aceto
1283 2154 1723 2267 manducata,
1756 2177 1915 2246 item
1955 2173 2372 2271 polemoniae.
2421 2180 2619 2247 Com-

535 2308 1027 2387 man'ducantur
1060 2332 1127 2406 et
1177 2290 1582 2413 plantaginis
1627 2316 1920 2408 radiceS‚
1966 2333 2100 2388 aut·
2123 2316 2520 2389 colluuntur
2553 2320 2615 2388 in

535 2460 1036 2550 acetodecoctae
1066 2487 1286 2533 succo.
1318 2467 1409 2533 Et
1436 2461 1598 2534 folia
1625 2475 1779 2534 sunt
1819 2462 2030 2551 utilia,
2064 2463 2168 2534 vel
2207 2465 2263 2533 si
2298 2465 2615 2559 sanguine
2668 2500 2676 2506 -
2795 2481 2796 2486 ’

535 2608 822 2702 gingivae
894 2597 1301 2703 putrescant„
1371 2603 1972 2703 Semensejus'dem
2033 2622 2452 2703 apostemata
2477 2644 2520 2698 ‚·
2559 2621 2616 2677 et

533 2749 953 2821 collectiones
989 2719 1413 2850 gingivaruni
1450 2767 1662 2822 sanat.
1709 2755 1799 2821 Et
1842 2750 2269 2822 aristolochia
2324 2753 2616 2849 gingivas

535 2893 901 2988 dentesque
944 2894 1314 2965 confirmat.
1360 2896 1748 2970 verbenaca
1802 2865 1958 2968 cuni
1977 2917 1985 2925 ·
2001 2895 2223 2971 radice
2287 2921 2615 2967 comman-

531 3038 770 3108 ducata
792 3092 811 3127 ‚
846 3054 917 3109 ct
967 3037 1242 3110 decocta
1293 3066 1373 3109 ex
1420 3042 1583 3110 vino
1623 3055 1741 3110 aut
1790 3055 1978 3111 aceto
2021 3066 2261 3116 succus
2314 3040 2609 3111 collutus.

533 3184 717 3283 Item.
740 3161 1195 3279 'quinquefolii
1240 3175 1503 3254 ‘radices
1531 3237 1551 3272 ‚
1594 3175 1882 3255 decoctae
1915 3182 2002 3254 ad
2036 3183 2266 3255 tertias
2304 3188 2464 3254 vino
2503 3199 2612 3254 aut

535 3341 746 3396 aceto.
789 3330 981 3399 Prius
1021 3297 1181 3400 vero
1221 3347 1422 3425 quam
1465 3328 1949 3434 decoquantur,
1988 3335 2162 3428 'aqua
2189 3332 2464 3400 marina
2499 3343 2608 3399 aut

533 3468 704 3541 salsa
737 3470 1066 3545 lavantur.
1096 3477 1488 3550 Deeoctum
1506 3473 1622 3543 diu
1654 3475 2031 3546 tenendum
2056 3476 2127 3545 in
2153 3500 2291 3546 ore.

625 4059 922 4148 Quidam
945 4061 1169 4129 cinere
1187 4031 1626 4157 quinquefolii
1654 4062 1890 4134 fricare
1912 4023 2191 4134 malunt.
2210 4065 2297 4133 Et
2311 4060 2599 4131 -verbasci
