<?xml version="1.0" encoding="UTF-8"?>
<!DOCTYPE html PUBLIC "-//W3C//DTD XHTML 1.0 Transitional//EN"
    "http://www.w3.org/TR/xhtml1/DTD/xhtml1-transitional.dtd">
<html xmlns="http://www.w3.org/1999/xhtml" xml:lang="en" lang="en">
 <head>
  <title>
</title>
<meta http-equiv="Content-Type" content="text/html;charset=utf-8" />
  <meta name='ocr-system' content='tesseract 3.04.00' />
  <meta name='ocr-capabilities' content='ocr_page ocr_carea ocr_par ocr_line ocrx_word'/>
</head>
<body>
  <div class='ocr_page' id='page_1' title='image "./histoirenaturel01grangoog_0346.png"; bbox 0 0 2846 4869; ppageno 0'>
   <div class='ocr_carea' id='block_1_1' title="bbox 549 419 2180 484">
    <p class='ocr_par' dir='ltr' id='par_1_1' title="bbox 549 419 2180 484">
     <span class='ocr_line' id='line_1_1' title="bbox 549 419 2180 484; baseline 0 -1"><span class='ocrx_word' id='word_1_1' title='bbox 549 425 664 484; x_wconf 82' lang='lat'>336</span> <span class='ocrx_word' id='word_1_2' title='bbox 994 426 1057 481; x_wconf 91' lang='lat' dir='ltr'>C.</span> <span class='ocrx_word' id='word_1_3' title='bbox 1098 419 1334 484; x_wconf 82' lang='lat' dir='ltr'><strong>PLINII</strong></span> <span class='ocrx_word' id='word_1_4' title='bbox 1376 423 1572 483; x_wconf 83' lang='lat' dir='ltr'><strong>HIST.</strong></span> <span class='ocrx_word' id='word_1_5' title='bbox 1616 424 1785 482; x_wconf 80' lang='lat' dir='ltr'>NAT.</span> <span class='ocrx_word' id='word_1_6' title='bbox 1828 425 1967 481; x_wconf 90' lang='lat' dir='ltr'><strong>LIB.</strong></span> <span class='ocrx_word' id='word_1_7' title='bbox 2001 425 2180 484; x_wconf 83' lang='lat' dir='ltr'><strong>XXV.</strong></span> 
     </span>
    </p>
   </div>
   <div class='ocr_carea' id='block_1_2' title="bbox 546 548 2640 1084">
    <p class='ocr_par' dir='ltr' id='par_1_2' title="bbox 546 548 2640 1084">
     <span class='ocr_line' id='line_1_2' title="bbox 546 548 2639 648; baseline 0.001 -27"><span class='ocrx_word' id='word_1_8' title='bbox 546 576 703 621; x_wconf 89' lang='lat' dir='ltr'>nem</span> <span class='ocrx_word' id='word_1_9' title='bbox 735 564 1075 621; x_wconf 87' lang='lat' dir='ltr'>mortuum</span> <span class='ocrx_word' id='word_1_10' title='bbox 1100 552 1155 619; x_wconf 91' lang='lat' dir='ltr'>si</span> <span class='ocrx_word' id='word_1_11' title='bbox 1184 551 1335 648; x_wconf 88' lang='lat' dir='ltr'>quis</span> <span class='ocrx_word' id='word_1_12' title='bbox 1377 548 1672 620; x_wconf 86' lang='lat' dir='ltr'>elleboro</span> <span class='ocrx_word' id='word_1_13' title='bbox 1707 548 2216 639; x_wconf 4' lang='lat' dir='ltr'>candidoplinat,</span> <span class='ocrx_word' id='word_1_14' title='bbox 2246 554 2639 623; x_wconf 83' lang='lat' dir='ltr'>reviviscere</span> 
     </span>
     <span class='ocr_line' id='line_1_3' title="bbox 549 692 2638 789; baseline 0.001 -24"><span class='ocrx_word' id='word_1_15' title='bbox 549 698 755 765; x_wconf 85' lang='lat' dir='ltr'>aiunt.</span> <span class='ocrx_word' id='word_1_16' title='bbox 805 692 1291 789; x_wconf 89' lang='lat' dir='ltr'>Thelyphonon</span> <span class='ocrx_word' id='word_1_17' title='bbox 1353 719 1622 764; x_wconf 92' lang='lat' dir='ltr'>omnem</span> <span class='ocrx_word' id='word_1_18' title='bbox 1662 693 2163 789; x_wconf 71' lang='lat' dir='ltr'><strong>quadrupedem</strong></span> <span class='ocrx_word' id='word_1_19' title='bbox 2210 710 2457 785; x_wconf 84' lang='lat' dir='ltr'>necat,</span> <span class='ocrx_word' id='word_1_20' title='bbox 2517 699 2638 767; x_wconf 89' lang='lat' dir='ltr'>im-</span> 
     </span>
     <span class='ocr_line' id='line_1_4' title="bbox 548 838 2640 936; baseline 0.002 -26"><span class='ocrx_word' id='word_1_21' title='bbox 548 843 764 936; x_wconf 88' lang='lat' dir='ltr'>posita</span> <span class='ocrx_word' id='word_1_22' title='bbox 790 839 1097 910; x_wconf 83' lang='lat' dir='ltr'>verendis</span> <span class='ocrx_word' id='word_1_23' title='bbox 1126 839 1386 910; x_wconf 81' lang='lat' dir='ltr'>radice:</span> <span class='ocrx_word' id='word_1_24' title='bbox 1417 838 1581 910; x_wconf 87' lang='lat' dir='ltr'>folio</span> <span class='ocrx_word' id='word_1_25' title='bbox 1608 839 1876 935; x_wconf 91' lang='lat' dir='ltr'>quidem</span> <span class='ocrx_word' id='word_1_26' title='bbox 1897 842 2073 911; x_wconf 89' lang='lat' dir='ltr'>intra</span> <span class='ocrx_word' id='word_1_27' title='bbox 2100 844 2407 913; x_wconf 88' lang='lat' dir='ltr'>eumdem</span> <span class='ocrx_word' id='word_1_28' title='bbox 2441 843 2640 934; x_wconf 87' lang='lat' dir='ltr'>diem,</span> 
     </span>
     <span class='ocr_line' id='line_1_5' title="bbox 548 982 2639 1084; baseline 0.002 -30"><span class='ocrx_word' id='word_1_29' title='bbox 548 985 731 1081; x_wconf 88' lang='lat' dir='ltr'>quod</span> <span class='ocrx_word' id='word_1_30' title='bbox 773 1000 873 1055; x_wconf 88' lang='lat' dir='ltr'>est</span> <span class='ocrx_word' id='word_1_31' title='bbox 909 982 1119 1056; x_wconf 88' lang='lat' dir='ltr'>simile</span> <span class='ocrx_word' id='word_1_32' title='bbox 1171 982 1558 1080; x_wconf 83' lang='lat' dir='ltr'>cyclamino.</span> <span class='ocrx_word' id='word_1_33' title='bbox 1607 987 1759 1084; x_wconf 91' lang='lat' dir='ltr'>Ipsa</span> <span class='ocrx_word' id='word_1_34' title='bbox 1810 984 2187 1081; x_wconf 85' lang='lat' dir='ltr'>geniculata</span> <span class='ocrx_word' id='word_1_35' title='bbox 2222 989 2529 1059; x_wconf 89' lang='lat' dir='ltr'>nascitur</span> <span class='ocrx_word' id='word_1_36' title='bbox 2573 992 2639 1059; x_wconf 89' lang='lat' dir='ltr'>in</span> 
     </span>
    </p>
   </div>
   <div class='ocr_carea' id='block_1_3' title="bbox 545 1130 2639 1227">
    <p class='ocr_par' dir='ltr' id='par_1_3' title="bbox 545 1130 2639 1227">
     <span class='ocr_line' id='line_1_6' title="bbox 545 1130 2639 1227; baseline 0.001 -24"><span class='ocrx_word' id='word_1_37' title='bbox 545 1134 790 1227; x_wconf 78' lang='lat' dir='ltr'>opacis.</span> <span class='ocrx_word' id='word_1_38' title='bbox 858 1130 1335 1225; x_wconf 84' lang='lat' dir='ltr'>Scorpionihus</span> <span class='ocrx_word' id='word_1_39' title='bbox 1391 1130 1782 1202; x_wconf 80' lang='lat' dir='ltr'>adversatur</span> <span class='ocrx_word' id='word_1_40' title='bbox 1832 1146 1900 1201; x_wconf 93' lang='lat' dir='ltr'>et</span> <span class='ocrx_word' id='word_1_41' title='bbox 1956 1134 2303 1205; x_wconf 81' lang='lat' dir='ltr'>vettonicae</span> <span class='ocrx_word' id='word_1_42' title='bbox 2353 1160 2599 1206; x_wconf 85' lang='lat' dir='ltr'>succus</span> <span class='ocrx_word' id='word_1_43' title='bbox 2620 1188 2639 1224; x_wconf 89' lang='lat'>,</span> 
     </span>
    </p>
   </div>
   <div class='ocr_carea' id='block_1_4' title="bbox 548 1274 1083 1372">
    <p class='ocr_par' dir='ltr' id='par_1_4' title="bbox 548 1274 1083 1372">
     <span class='ocr_line' id='line_1_7' title="bbox 548 1274 1083 1372; baseline -0.013 -26"><span class='ocrx_word' id='word_1_44' title='bbox 548 1302 623 1346; x_wconf 91' lang='lat' dir='ltr'>ac</span> <span class='ocrx_word' id='word_1_45' title='bbox 661 1274 1083 1372; x_wconf 79' lang='lat' dir='ltr'>plantaginis.</span> 
     </span>
    </p>
   </div>
   <div class='ocr_carea' id='block_1_5' title="bbox 945 1828 2245 1905">
    <p class='ocr_par' dir='ltr' id='par_1_5' title="bbox 945 1828 2245 1905">
     <span class='ocr_line' id='line_1_8' title="bbox 945 1828 2245 1905; baseline 0.002 -21"><span class='ocrx_word' id='word_1_46' title='bbox 945 1828 1238 1904; x_wconf 82' lang='lat' dir='ltr'>Phrynion</span> <span class='ocrx_word' id='word_1_47' title='bbox 1252 1871 1269 1900; x_wconf 90' lang='lat'><strong>,</strong></span> <span class='ocrx_word' id='word_1_48' title='bbox 1306 1829 1427 1886; x_wconf 83' lang='lat' dir='ltr'>sive</span> <span class='ocrx_word' id='word_1_49' title='bbox 1458 1847 1689 1900; x_wconf 83' lang='lat' dir='ltr'>neuras,</span> <span class='ocrx_word' id='word_1_50' title='bbox 1722 1830 1841 1887; x_wconf 75' lang='lat' dir='ltr'>sive</span> <span class='ocrx_word' id='word_1_51' title='bbox 1870 1830 2139 1905; x_wconf 77' lang='lat' dir='ltr'>poterion</span> <span class='ocrx_word' id='word_1_52' title='bbox 2154 1871 2170 1900; x_wconf 91' lang='lat'>‚</span> <span class='ocrx_word' id='word_1_53' title='bbox 2204 1850 2245 1886; x_wconf 91' lang='lat'>1.</span> 
     </span>
    </p>
   </div>
   <div class='ocr_carea' id='block_1_6' title="bbox 545 2040 2628 2719">
    <p class='ocr_par' dir='ltr' id='par_1_6' title="bbox 545 2040 2628 2719">
     <span class='ocr_line' id='line_1_9' title="bbox 646 2040 2628 2125; baseline 0 -17"><span class='ocrx_word' id='word_1_54' title='bbox 646 2043 956 2111; x_wconf 86' lang='lat' dir='ltr'><strong>LXXVI.</strong></span> <span class='ocrx_word' id='word_1_55' title='bbox 1010 2041 1182 2108; x_wconf 89' lang='lat' dir='ltr'>Sunt</span> <span class='ocrx_word' id='word_1_56' title='bbox 1219 2054 1286 2107; x_wconf 91' lang='lat' dir='ltr'>et</span> <span class='ocrx_word' id='word_1_57' title='bbox 1328 2042 1506 2109; x_wconf 87' lang='lat' dir='ltr'>ranis</span> <span class='ocrx_word' id='word_1_58' title='bbox 1546 2057 1835 2125; x_wconf 77' lang='lat' dir='ltr'>venena,</span> <span class='ocrx_word' id='word_1_59' title='bbox 1872 2042 2127 2110; x_wconf 91' lang='lat' dir='ltr'>rubetis</span> <span class='ocrx_word' id='word_1_60' title='bbox 2166 2040 2501 2109; x_wconf 84' lang='lat' dir='ltr'>maxime:</span> <span class='ocrx_word' id='word_1_61' title='bbox 2539 2041 2628 2108; x_wconf 78' lang='lat' dir='ltr'>vi·</span> 
     </span>
     <span class='ocr_line' id='line_1_10' title="bbox 549 2149 2623 2278; baseline -0 -27"><span class='ocrx_word' id='word_1_62' title='bbox 549 2184 904 2276; x_wconf 90' lang='lat' dir='ltr'>dimusque</span> <span class='ocrx_word' id='word_1_63' title='bbox 941 2179 1194 2278; x_wconf 90' lang='lat' dir='ltr'>Psyllos</span> <span class='ocrx_word' id='word_1_64' title='bbox 1228 2185 1298 2252; x_wconf 90' lang='lat' dir='ltr'>in</span> <span class='ocrx_word' id='word_1_65' title='bbox 1345 2149 1713 2252; x_wconf 86' lang='lat' dir='ltr'>certamine</span> <span class='ocrx_word' id='word_1_66' title='bbox 1749 2184 1995 2278; x_wconf 88' lang='lat' dir='ltr'>patinis</span> <span class='ocrx_word' id='word_1_67' title='bbox 2048 2181 2473 2253; x_wconf 88' lang='lat' dir='ltr'>candefactas</span> <span class='ocrx_word' id='word_1_68' title='bbox 2516 2182 2623 2252; x_wconf 89' lang='lat' dir='ltr'>ad-</span> 
     </span>
     <span class='ocr_line' id='line_1_11' title="bbox 548 2327 2623 2424; baseline -0.001 -27"><span class='ocrx_word' id='word_1_69' title='bbox 548 2330 887 2397; x_wconf 91' lang='lat' dir='ltr'>mittentes</span> <span class='ocrx_word' id='word_1_70' title='bbox 919 2379 938 2416; x_wconf 87' lang='lat'>,</span> <span class='ocrx_word' id='word_1_71' title='bbox 978 2328 1202 2398; x_wconf 89' lang='lat' dir='ltr'>ociore</span> <span class='ocrx_word' id='word_1_72' title='bbox 1232 2330 1433 2398; x_wconf 92' lang='lat' dir='ltr'>etiam</span> <span class='ocrx_word' id='word_1_73' title='bbox 1480 2353 1683 2423; x_wconf 90' lang='lat' dir='ltr'>quam</span> <span class='ocrx_word' id='word_1_74' title='bbox 1719 2327 2026 2424; x_wconf 90' lang='lat' dir='ltr'>aspidum</span> <span class='ocrx_word' id='word_1_75' title='bbox 2073 2328 2385 2422; x_wconf 88' lang='lat' dir='ltr'>pernicie.</span> <span class='ocrx_word' id='word_1_76' title='bbox 2426 2330 2623 2399; x_wconf 85' lang='lat' dir='ltr'>Auxi-</span> 
     </span>
     <span class='ocr_line' id='line_1_12' title="bbox 549 2473 2623 2573; baseline -0 -29"><span class='ocrx_word' id='word_1_77' title='bbox 549 2475 754 2544; x_wconf 87' lang='lat' dir='ltr'>liatur</span> <span class='ocrx_word' id='word_1_78' title='bbox 789 2475 884 2544; x_wconf 93' lang='lat' dir='ltr'>eis</span> <span class='ocrx_word' id='word_1_79' title='bbox 921 2474 1254 2572; x_wconf 83' lang='lat' dir='ltr'>phrynion</span> <span class='ocrx_word' id='word_1_80' title='bbox 1288 2477 1358 2545; x_wconf 90' lang='lat' dir='ltr'>in</span> <span class='ocrx_word' id='word_1_81' title='bbox 1394 2477 1552 2545; x_wconf 87' lang='lat' dir='ltr'>vino</span> <span class='ocrx_word' id='word_1_82' title='bbox 1594 2490 1769 2573; x_wconf 86' lang='lat' dir='ltr'>pota.</span> <span class='ocrx_word' id='word_1_83' title='bbox 1803 2473 2031 2570; x_wconf 89' lang='lat' dir='ltr'>Aliqui</span> <span class='ocrx_word' id='word_1_84' title='bbox 2066 2475 2366 2567; x_wconf 83' lang='lat' dir='ltr'>neurada</span> <span class='ocrx_word' id='word_1_85' title='bbox 2407 2474 2623 2571; x_wconf 90' lang='lat' dir='ltr'>appel-</span> 
     </span>
     <span class='ocr_line' id='line_1_13' title="bbox 545 2592 2619 2719; baseline 0 -29"><span class='ocrx_word' id='word_1_86' title='bbox 545 2618 689 2695; x_wconf 84' lang='lat' dir='ltr'>lant</span> <span class='ocrx_word' id='word_1_87' title='bbox 709 2672 729 2710; x_wconf 85' lang='lat'><strong><em>‚</em></strong></span> <span class='ocrx_word' id='word_1_88' title='bbox 768 2608 901 2695; x_wconf 76' lang='lat' dir='ltr'>alii&#39;</span> <span class='ocrx_word' id='word_1_89' title='bbox 923 2621 1230 2719; x_wconf 82' lang='lat' dir='ltr'>poterion</span> <span class='ocrx_word' id='word_1_90' title='bbox 1251 2671 1270 2709; x_wconf 84' lang='lat'><em>‚</em></span> <span class='ocrx_word' id='word_1_91' title='bbox 1318 2619 1599 2693; x_wconf 86' lang='lat' dir='ltr'>floribus</span> <span class='ocrx_word' id='word_1_92' title='bbox 1649 2622 1870 2717; x_wconf 86' lang='lat' dir='ltr'>parvis</span> <span class='ocrx_word' id='word_1_93' title='bbox 1895 2673 1917 2710; x_wconf 86' lang='lat'><strong>,</strong></span> <span class='ocrx_word' id='word_1_94' title='bbox 1974 2592 2309 2695; x_wconf 83' lang='lat' dir='ltr'>radicibus</span> <span class='ocrx_word' id='word_1_95' title='bbox 2358 2619 2579 2695; x_wconf 82' lang='lat' dir='ltr'>multis</span> <span class='ocrx_word' id='word_1_96' title='bbox 2600 2673 2619 2705; x_wconf 87' lang='lat'>‚</span> 
     </span>
    </p>
   </div>
   <div class='ocr_carea' id='block_1_7' title="bbox 547 2763 1563 2855">
    <p class='ocr_par' dir='ltr' id='par_1_7' title="bbox 547 2763 1563 2855">
     <span class='ocr_line' id='line_1_14' title="bbox 547 2763 1563 2855; baseline 0 -21"><span class='ocrx_word' id='word_1_97' title='bbox 547 2767 842 2836; x_wconf 89' lang='lat' dir='ltr'>nervosis</span> <span class='ocrx_word' id='word_1_98' title='bbox 863 2817 883 2855; x_wconf 85' lang='lat'>‚</span> <span class='ocrx_word' id='word_1_99' title='bbox 915 2766 1086 2836; x_wconf 87' lang='lat' dir='ltr'>bene</span> <span class='ocrx_word' id='word_1_100' title='bbox 1123 2763 1474 2835; x_wconf 87' lang='lat' dir='ltr'>olentibus.</span> <span class='ocrx_word' id='word_1_101' title='bbox 1557 2817 1563 2827; x_wconf 79' lang='lat'><em>,</em></span> 
     </span>
    </p>
   </div>
   <div class='ocr_carea' id='block_1_8' title="bbox 882 3170 2280 3271">
    <p class='ocr_par' dir='ltr' id='par_1_8' title="bbox 882 3170 2280 3271">
     <span class='ocr_line' id='line_1_15' title="bbox 882 3170 2280 3271; baseline -0.001 -18"><span class='ocrx_word' id='word_1_102' title='bbox 882 3170 1126 3265; x_wconf 74' lang='lat' dir='ltr'>Alisnim,</span> <span class='ocrx_word' id='word_1_103' title='bbox 1166 3193 1286 3255; x_wconf 74' lang='lat' dir='ltr'>sive</span> <span class='ocrx_word' id='word_1_104' title='bbox 1310 3195 1705 3259; x_wconf 64' lang='lat' dir='ltr'>dammonium</span> <span class='ocrx_word' id='word_1_105' title='bbox 1719 3236 1737 3271; x_wconf 82' lang='lat'>‚</span> <span class='ocrx_word' id='word_1_106' title='bbox 1771 3194 1891 3253; x_wconf 78' lang='lat' dir='ltr'>sive</span> <span class='ocrx_word' id='word_1_107' title='bbox 1924 3195 2093 3270; x_wconf 79' lang='lat' dir='ltr'>lyron</span> <span class='ocrx_word' id='word_1_108' title='bbox 2107 3234 2124 3263; x_wconf 91' lang='lat'><strong>,</strong></span> <span class='ocrx_word' id='word_1_109' title='bbox 2160 3213 2280 3253; x_wconf 74' lang='lat' dir='ltr'>xtx.</span> 
     </span>
    </p>
   </div>
   <div class='ocr_carea' id='block_1_9' title="bbox 522 3401 2618 4048">
    <p class='ocr_par' dir='ltr' id='par_1_9' title="bbox 522 3401 2618 4048">
     <span class='ocr_line' id='line_1_16' title="bbox 642 3401 2616 3511; baseline -0.003 -36"><span class='ocrx_word' id='word_1_110' title='bbox 642 3406 983 3476; x_wconf 84' lang='lat' dir='ltr'>LXXVII.</span> <span class='ocrx_word' id='word_1_111' title='bbox 1037 3409 1206 3480; x_wconf 88' lang='lat' dir='ltr'>Item</span> <span class='ocrx_word' id='word_1_112' title='bbox 1261 3406 1495 3481; x_wconf 85' lang='lat' dir='ltr'>alisma</span> <span class='ocrx_word' id='word_1_113' title='bbox 1513 3459 1535 3499; x_wconf 83' lang='lat'>,</span> <span class='ocrx_word' id='word_1_114' title='bbox 1585 3431 1786 3505; x_wconf 87' lang='lat' dir='ltr'>quam</span> <span class='ocrx_word' id='word_1_115' title='bbox 1821 3406 1935 3511; x_wconf 77' lang='lat' dir='ltr'>alii</span> <span class='ocrx_word' id='word_1_116' title='bbox 1988 3405 2424 3481; x_wconf 87' lang='lat' dir='ltr'>damasonion</span> <span class='ocrx_word' id='word_1_117' title='bbox 2450 3457 2470 3494; x_wconf 86' lang='lat'><strong>,</strong></span> <span class='ocrx_word' id='word_1_118' title='bbox 2519 3401 2616 3473; x_wconf 88' lang='lat' dir='ltr'>alii</span> 
     </span>
     <span class='ocr_line' id='line_1_17' title="bbox 550 3538 2617 3638; baseline 0.001 -31"><span class='ocrx_word' id='word_1_119' title='bbox 550 3538 741 3634; x_wconf 89' lang='lat' dir='ltr'>lyron</span> <span class='ocrx_word' id='word_1_120' title='bbox 773 3540 1133 3636; x_wconf 89' lang='lat' dir='ltr'>appellant.</span> <span class='ocrx_word' id='word_1_121' title='bbox 1160 3542 1347 3613; x_wconf 93' lang='lat' dir='ltr'>Folia</span> <span class='ocrx_word' id='word_1_122' title='bbox 1383 3558 1575 3613; x_wconf 89' lang='lat' dir='ltr'>erant</span> <span class='ocrx_word' id='word_1_123' title='bbox 1602 3541 2007 3638; x_wconf 87' lang='lat' dir='ltr'>plantaginis</span> <span class='ocrx_word' id='word_1_124' title='bbox 2027 3594 2049 3631; x_wconf 86' lang='lat'><strong>,</strong></span> <span class='ocrx_word' id='word_1_125' title='bbox 2085 3542 2213 3611; x_wconf 90' lang='lat' dir='ltr'>nisi</span> <span class='ocrx_word' id='word_1_126' title='bbox 2241 3540 2617 3637; x_wconf 84' lang='lat' dir='ltr'>angustiora</span> 
     </span>
     <span class='ocr_line' id='line_1_18' title="bbox 522 3677 2618 3773; baseline 0 -27"><span class='ocrx_word' id='word_1_127' title='bbox 522 3691 803 3766; x_wconf 79' lang='lat' dir='ltr'>&#39;essent‚</span> <span class='ocrx_word' id='word_1_128' title='bbox 841 3693 908 3746; x_wconf 91' lang='lat' dir='ltr'>et</span> <span class='ocrx_word' id='word_1_129' title='bbox 939 3681 1148 3773; x_wconf 90' lang='lat' dir='ltr'>magis</span> <span class='ocrx_word' id='word_1_130' title='bbox 1187 3678 1531 3769; x_wconf 86' lang='lat' dir='ltr'>laciniosa,</span> <span class='ocrx_word' id='word_1_131' title='bbox 1573 3704 2001 3773; x_wconf 84' lang='lat' dir='ltr'>convexaque</span> <span class='ocrx_word' id='word_1_132' title='bbox 2039 3680 2109 3747; x_wconf 89' lang='lat' dir='ltr'>in</span> <span class='ocrx_word' id='word_1_133' title='bbox 2149 3693 2435 3769; x_wconf 89' lang='lat' dir='ltr'>terram,</span> <span class='ocrx_word' id='word_1_134' title='bbox 2470 3677 2618 3748; x_wconf 89' lang='lat' dir='ltr'>alias</span> 
     </span>
     <span class='ocr_line' id='line_1_19' title="bbox 550 3814 2618 3913; baseline -0.001 -26"><span class='ocrx_word' id='word_1_135' title='bbox 550 3818 753 3890; x_wconf 79' lang='lat' dir='ltr'>etiam</span> <span class='ocrx_word' id='word_1_136' title='bbox 789 3816 1382 3907; x_wconf 77' lang='lat' dir='ltr'>venosasimiliter,</span> <span class='ocrx_word' id='word_1_137' title='bbox 1417 3815 1609 3893; x_wconf 76' lang='lat' dir='ltr'>caule</span> <span class='ocrx_word' id='word_1_138' title='bbox 1638 3815 1926 3913; x_wconf 77' lang='lat' dir='ltr'>simplici</span> <span class='ocrx_word' id='word_1_139' title='bbox 1953 3831 2024 3891; x_wconf 84' lang='lat' dir='ltr'>et</span> <span class='ocrx_word' id='word_1_140' title='bbox 2056 3817 2288 3905; x_wconf 83' lang='lat' dir='ltr'>tenui,</span> <span class='ocrx_word' id='word_1_141' title='bbox 2326 3814 2618 3900; x_wconf 85' lang='lat' dir='ltr'>cubitali,</span> 
     </span>
     <span class='ocr_line' id='line_1_20' title="bbox 549 3948 2614 4048; baseline -0.001 -26"><span class='ocrx_word' id='word_1_142' title='bbox 549 3948 766 4048; x_wconf 79' lang='lat' dir='ltr'>capite</span> <span class='ocrx_word' id='word_1_143' title='bbox 803 3953 1060 4048; x_wconf 81' lang='lat' dir='ltr'>thyrsi,</span> <span class='ocrx_word' id='word_1_144' title='bbox 1116 3953 1455 4029; x_wconf 88' lang='lat' dir='ltr'>radicibus</span> <span class='ocrx_word' id='word_1_145' title='bbox 1491 3953 1730 4024; x_wconf 75' lang='lat' dir='ltr'>densis</span> <span class='ocrx_word' id='word_1_146' title='bbox 1753 4006 1773 4041; x_wconf 92' lang='lat'>,</span> <span class='ocrx_word' id='word_1_147' title='bbox 1835 3953 2146 4029; x_wconf 86' lang='lat' dir='ltr'>tenuibus</span> <span class='ocrx_word' id='word_1_148' title='bbox 2178 4006 2200 4042; x_wconf 86' lang='lat'>,</span> <span class='ocrx_word' id='word_1_149' title='bbox 2239 3961 2337 4022; x_wconf 80' lang='lat' dir='ltr'>&#39;ut</span> <span class='ocrx_word' id='word_1_150' title='bbox 2382 3951 2614 4022; x_wconf 85' lang='lat' dir='ltr'>veratri</span> 
     </span>
    </p>
   </div>
   <div class='ocr_carea' id='block_1_10' title="bbox 552 4076 2607 4188">
    <p class='ocr_par' dir='ltr' id='par_1_10' title="bbox 552 4076 2607 4188">
     <span class='ocr_line' id='line_1_21' title="bbox 552 4076 2607 4188; baseline -0.002 -29"><span class='ocrx_word' id='word_1_151' title='bbox 552 4076 725 4186; x_wconf 72' lang='lat' dir='ltr'>nigri</span> <span class='ocrx_word' id='word_1_152' title='bbox 744 4144 763 4179; x_wconf 87' lang='lat'>‚</span> <span class='ocrx_word' id='word_1_153' title='bbox 797 4091 1091 4183; x_wconf 81' lang='lat' dir='ltr'>acribuS,</span> <span class='ocrx_word' id='word_1_154' title='bbox 1126 4091 1453 4182; x_wconf 90' lang='lat' dir='ltr'>odoratis,</span> <span class='ocrx_word' id='word_1_155' title='bbox 1485 4093 1867 4188; x_wconf 88' lang='lat' dir='ltr'>pinguibus.</span> <span class='ocrx_word' id='word_1_156' title='bbox 1894 4091 2209 4162; x_wconf 85' lang='lat' dir='ltr'>Nascitur</span> <span class='ocrx_word' id='word_1_157' title='bbox 2238 4092 2310 4160; x_wconf 90' lang='lat' dir='ltr'>in</span> <span class='ocrx_word' id='word_1_158' title='bbox 2343 4089 2607 4185; x_wconf 88' lang='lat' dir='ltr'>aquosis.</span> 
     </span>
    </p>
   </div>
  </div>
 </body>
</html>
