2846 4869
477 428 591 485 322
917 428 988 492 C.
1023 430 1258 487 PLINII
1298 430 1491 487 Hls'r.
1536 430 1706 490 NAT.
1752 431 1894 488 LIB.
1934 431 2123 488 XXV.

477 569 832 624 contusum
875 580 1030 630 cum
1070 555 1246 625 foliis
1283 579 1361 625 ex
1406 556 1563 625 vino
1612 555 1813 626 datur
1858 553 2281 651 peculiariter
2324 570 2557 625 contra

477 698 758 792 aspidas.

555 918 974 1000 Hierabotane',
1009 928 1130 984 sive
1159 926 1513 1002 peristereon
1529 968 1547 999 ,
1589 945 1716 1002 quae
1744 927 2093 984 verbenaca:
2140 944 2355 1002 genera
2389 945 2477 997 113

1307 1020 1604 1077 medicinae
1640 1040 1699 1076 x.

574 1215 757 1283 LIX.
817 1210 1019 1284 Nulla
1069 1225 1296 1282 tamen
1355 1237 1646 1283 romanae
1694 1211 2059 1283 nobilitatis
2113 1209 2265 1306 plus
2318 1211 2518 1281 habet
2540 1265 2561 1297 ‚

477 1381 679 1451 quam
713 1355 1170 1426 hierabotane.
1206 1352 1435 1450 Aliqui
1469 1357 1950 1451 peristereona,
1984 1357 2196 1425 nostri
2236 1356 2561 1426 verbena-

475 1465 621 1570 cam
657 1514 924 1568 vocant.
965 1499 1126 1569 Haec
1157 1515 1258 1569 est
1278 1552 1298 1586 ‚
1334 1524 1536 1593 quam
1578 1498 1829 1595 legatos
1867 1498 2038 1568 ferre
2071 1498 2158 1567 ad
2197 1499 2420 1569 hostes
2456 1500 2562 1568 in-

437 1603 447 1611 ,
478 1643 865 1712 dicavimus.
906 1646 1049 1713 Hac
1085 1647 1125 1712 J
1127 1644 1268 1712 ovis
1303 1667 1533 1711 mensa
1569 1643 1880 1730 verritur,
1919 1641 2155 1712 domus
2192 1658 2564 1737 purgantur

475 1785 999 1880 lustranturque.
1030 1787 1298 1855 Genera
1328 1785 1474 1878 ejus
1513 1784 1648 1854 duo
1680 1799 1837 1854 sunt
1866 1810 1883 1854 ε
1920 1783 2190 1874 foliosa,
2225 1809 2427 1878 quam
2463 1784 2563 1855 fe-

477 1932 730 2001 minam
765 1944 1008 2026 putant
1044 1955 1061 1997 z
1100 1953 1242 1998 mas
1281 1927 1647 1997 rarioribus
1680 1926 1876 1998 foliis.
1912 1926 2183 1999 Ramuli
2219 1930 2563 2023 utriusque

474 2075 734 2172 plures,
766 2090 1030 2164 tenues,
1065 2073 1422 2163 cubitaleS‚
1459 2071 1786 2169 angulosi.
1816 2069 2005 2142 Folia
2035 2075 2331 2161 minora,
2363 2098 2563 2167 quam

476 2245 801 2315 quercus,
836 2219 1356 2315 angustioraque
1375 2271 1396 2309 ,
1433 2218 1746 2288 divisuris
1780 2218 2182 2312 majoribuS,
2222 2216 2346 2287 flos
2384 2217 2566 2316 glau-

479 2388 595 2432 cus
621 2415 642 2452 ‚
692 2362 881 2433 radix
938 2359 1138 2458 longa
1161 2414 1181 2450 ‚
1256 2361 1493 2431 tenuiS.
1527 2362 1862 2450 {Nascitur
1913 2360 2162 2455 ubique
2221 2362 2291 2429 in
2348 2360 2564 2457 planis

436 2507 455 2518 ’
483 2510 768 2605 aquosiS.
822 2509 1116 2598 Quidam
1163 2533 1300 2577 non
1349 2507 1777 2602 distinguunt
1802 2561 1822 2593 ,
1872 2506 1987 2577 sed
2029 2531 2241 2575 unum
2291 2508 2565 2576 omnino

482 2676 691 2747 genus
737 2652 1024 2740 faciunt,
1070 2651 1391 2745 quoniam
1433 2649 1699 2720 eosdem
1744 2649 2019 2720 effectus
2055 2650 2319 2719 habeat.

580 3076 885 3168 Utraque
944 3072 1318 3144 sortiuntur
1371 3052 1595 3160 Galli,
1676 3087 1743 3142 et
1803 3072 2173 3168 praecinunt
2231 3097 2564 3168 responsa.

484 3217 616 3286 Sed
649 3218 826 3313 magi
875 3218 1107 3311 utique
1158 3218 1338 3287 circa
1366 3217 1559 3286 hanc
1606 3194 1971 3286 insaniunt.
2024 3219 2170 3285 Hac
2212 3233 2567 3312 perunctos

485 3363 842 3454 impetrare
882 3387 1028 3456 quae
1066 3357 1312 3446 velint,
1368 3360 1582 3430 febres
1620 3360 1888 3456 abigere
1907 3411 1927 3447 ‚
1971 3360 2295 3430 amicitias
2345 3361 2569 3431 conci-

411 3505 415 3509 ’
485 3470 686 3592 liare.
725 3503 1023 3599 nullique
1064 3531 1201 3577 non
1239 3507 1477 3575 morbo
1526 3503 1801 3574 mederi.
1851 3502 2097 3600 Colligi
2146 3507 2326 3576 circa
2369 3508 2569 3576 Canis

486 3664 712 3719 ortum
748 3646 993 3719 debere
1010 3703 1030 3737 ‚
1065 3651 1158 3719 ita
1200 3663 1276 3718 ut
1324 3675 1410 3718 ne
1458 3648 1619 3719 luna
1663 3664 1779 3719 aut
1821 3648 1922 3719 sol
1965 3651 2334 3745 conspiciat
2351 3702 2371 3740 ‚
2411 3651 2571 3721 favis

488 3810 659 3864 ante·
693 3810 762 3865 et
807 3790 1003 3863 melle
1041 3810 1237 3864 terrae
1279 3795 1364 3866 ad
1423 3796 1840 3888 piamentum
1889 3795 2081 3866 datis.
2137 3797 2569 3866 Circumscri-

487 3954 672 4034 ptam
708 3939 885 4010 ferro
931 3937 1133 4008 effodi
1191 3939 1460 4033 sinistra
1513 3963 1766 4049 manue,
1815 3953 1880 4007 et
1939 3939 2010 4005 in
2070 3937 2350 4007 sublime
2405 3936 2563 4011 tolli.

493 4084 737 4154 Siccari
794 4084 863 4152 in
929 4082 1168 4153 umbra
1225 4084 1579 4178 separatim
1640 4080 1796 4152 folia
1821 4135 1841 4169 ‚
1895 4080 2150 4151 caulem
2183 4135 2203 4169 ,
2257 4081 2553 4152 radicem.
