2846 4869
497 436 599 494 ,92
954 420 1016 476 c.
1059 420 1287 478 emm
1327 423 1519 479 msT.
1563 423 1728 480 NAT.
1771 395 1907 484 Lni.
1935 424 2139 482 xxm.

522 570 645 640 per
693 571 761 615 se
800 548 1098 617 recubitu
1144 550 1416 644 propius
1452 549 1672 622 adlabi
1706 578 1723 620 :
1761 566 1895 621 tam
1932 553 2336 647 praecipuam
2394 572 2578 626 natu-

526 717 671 762 ram
712 695 922 766 inesse
958 698 1193 769 arbori.
1231 701 1395 768 Taxi
1432 700 1687 772 arboris
1726 700 1947 771 fumus
1986 725 2206 771 mures
2244 719 2454 773 necat.

1397 1079 1577 1135 Rubis
1594 1120 1612 1148 ‚
1650 1100 1717 1136 11.

627 1251 938 1317 LXXIII.
987 1252 1126 1320 Nec
1168 1252 1365 1321 rubos
1411 1252 1498 1321 ad
1533 1251 1848 1322 maleficia
1895 1269 2155 1324 tantum
2197 1253 2425 1349 genuit
2471 1279 2575 1323 m-

533 1406 718 1478 tura‚
754 1367 1029 1487 ideoque
1068 1409 1134 1462 et
1173 1417 1355 1466 mora
1391 1398 1533 1478 his,
1574 1399 1703 1467 hoc
1741 1413 1881 1483 est,
1923 1397 2025 1466 vel
2068 1399 2448 1472 hominibus
2487 1400 2573 1468 ci-

534 1536 655 1605 bos
721 1536 919 1606 dedit.
984 1538 1139 1610 Vim
1213 1539 1455 1609 habent
1525 1541 1863 1628 siccandi,
1926 1540 2489 1638 adstringendique
2552 1569 2568 1609 ε

537 1677 857 1774 gingivis,
910 1680 1189 1769 tonsillis
1213 1734 1230 1769 ‚
1284 1681 1676 1778 genitalibus
1727 1682 2400 1775 accommodatissimi.
2440 1684 2575 1756 Ad·
2631 1682 2640 1692 ’

534 1838 883 1893 versantur
941 1827 1346 1918 serpentinum
1399 1826 1913 1896 sceleratissimis
1942 1878 1964 1913 ‚
2012 1825 2453 1896 haemoffloidi
2504 1844 2573 1897 et

537 1969 813 2061 presteri
847 2020 866 2044 ,
929 1969 1050 2037 flos
1081 2020 1099 2054 ,
1163 1984 1280 2037 aut
1342 1996 1548 2039 mora.
1618 1973 2060 2066 Scorpionum
2126 1967 2372 2038 vulne³a
2430 1975 2573 2041 sine

539 2110 1002 2182 collectionum
1059 2111 1358 2207 periculo
1421 2116 1800 2211 inungunt,
1851 2116 2116 2183 urinam
2170 2115 2338 2200 cient¹
2386 2118 2567 2186 Cau·

537 2255 631 2324 les
691 2281 920 2324 eorum
963 2256 1335 2326 tunduntur
1375 2261 1631 2344 teneri,
1686 2259 2079 2353 exprimitur
2127 2225 2568 2348 saecat-mox

540 2398 676 2469 sole
715 2404 975 2496 cogitur
1015 2403 1084 2469 in
1125 2402 1626 2472 crassitudinem
1671 2401 1918 2485 melliS‚
1955 2400 2272 2496 singulari
2313 2406 2568 2474 rmedio

538 2561 771 2614 contra
820 2546 992 2615 mala
1042 2547 1214 2632 oris,
1263 2544 1782 2647 oculorumque,
1830 2546 2215 2638 sanguinem
2268 2570 2570 2618 excrean-

540 2704 683 2776 tes,
733 2690 1007 2787 anginas
1037 2741 1055 2775 ,
1113 2688 1379 2775 vulvaS,
1422 2687 1648 2776 sedes,
1697 2686 2037 2775 coeliacos,
2083 2702 2282 2780 potus
2326 2704 2393 2811 at
2441 2691 2572 2760 illi-

541 2840 668 2897 tus.
703 2828 859 2894 Oris
899 2826 1164 2919 quidem
1205 2825 1380 2893 vitiis
1418 2825 1618 2892 etiam
1666 2821 1820 2891 folia
1866 2822 2366 2903 commanduca
2406 2848 2572 2918 pro,

537 2975 736 3041 sunt,
782 2976 847 3030 et
888 2960 1215 3031 ulceribus
1262 2959 1681 3029 manantibus
1711 3010 1730 3043 ‚
1786 2974 1898 3028 aut
1958 2942 2438 3052 quibuscumue
2500 2966 2571 3032 in

538 3098 753 3188 capite
800 3095 1182 3165 illinuntur.
1229 3095 1571 3164 Cardiacis
1617 3093 1717 3163 vel
1767 3097 1868 3163 sic
1907 3120 2025 3189 per
2070 3121 2139 3164 se
2177 3096 2572 3191 impdmtur

538 3258 578 3301 a
633 3257 918 3307 mamma
970 3234 1231 3301 sinistra
1280 3259 1294 3299 ε
1351 3232 1512 3301 item
1562 3210 1885 3300 stomachi
1939 3230 2321 3318 doloribus,
2359 3212 2571 3305 bulis-
2629 3327 2634 3332 .

539 3397 669 3469 que
731 3372 1246 3467 procidentibus.
1310 3370 1678 3443 Instillatur
1738 3396 1973 3440 succus
2033 3397 2265 3440 eorum
2323 3352 2572 3441 e3auri-

537 3511 681 3579 bus.
732 3513 933 3579 Sanat
980 3510 1442 3606 condylomata
1495 3535 1649 3578 cum
1693 3534 1968 3579 *rosaceo
2009 3523 2251 3579 cerato.
2305 3509 2573 3597 Cdicu-

539 3645 758 3715 lorum
797 3673 881 3716 ex
920 3649 1075 3717 vino
1111 3648 1459 3721 decoctum
1495 3673 1638 3715 uvae
1675 3661 2203 3743 praesentaneum
2243 3642 2570 3717 remlium

537 3800 651 3853 cst.
697 3783 906 3852 Iidem
946 3810 1071 3879 per
1111 3810 1179 3852 se
1217 3786 1284 3851 in
1330 3786 1479 3853 cibo
1523 3786 1768 3878 sumpti
1817 3808 2021 3877 cymae
2069 3782 2308 3863 mod0‚
2351 3786 2416 3855 a!
2455 3782 2576 3851 de-

537 3924 710 3991 cocti
750 3925 815 3990 in
860 3922 1015 3991 vino
1058 3900 1360 4006 austero,
1410 3920 1711 3990 labantes
1759 3921 1983 3990 dentes
2030 3918 2318 3987 firmant.
2376 3926 2573 3989 tivum

537 4061 826 4146 sistunt,
878 4073 941 4127 et
992 4058 1316 4153 profluvia
1366 4059 1705 4153 sanguinis
1755 4085 1768 4127 :
1827 4056 2257 4150 dysentericis
2311 4069 2566 4149 prqmt.
