2846 4869
553 391 663 454 128
897 420 906 428 ·
979 392 1042 447 C.
1083 392 1317 449 PLINII
1357 391 1551 449 HIST.
1596 392 1763 447 NAT..
1803 391 1945 447 LIB.
1976 392 2188 478 XXIV.

547 519 789 592 Indum
834 531 1100 590 amnem
1148 521 1476 609 inveniri,
1517 521 1791 615 quaeob
1846 521 1916 589 id
1954 523 2221 613 nomine
2271 520 2404 589 alio
2440 511 2631 615 pota-

549 666 800 734 maucis
832 663 1206 760 appellatur
1240 691 1256 733 ε
1293 647 1610 759 ὴειόροῐᾶ
1643 661 1975 760 lymphari
2012 665 2317 735 homines
2341 719 2359 755 ,
2393 666 2634 735 obver-

548 811 847 879 santibus
883 808 1238 880 miraculis.
1277 809 1725 905 Theangelida
1763 812 1832 879 in
1865 811 2125 880 Libano
2162 812 2402 905 Syriae,
2435 812 2635 881 Dicte

550 956 766 1023 Cretae
808 955 1188 1040 montibuS‚
1233 969 1302 1024 et
1336 954 1718 1050 Babylone,
1751 970 1821 1038 et
1858 957 2040 1033 Susis
2081 955 2369 1026 Persidis
2406 958 2632 1047 nasci,

551 1123 684 1192 qua
725 1114 886 1195 pota
925 1101 1103 1195 magi
1143 1099 1466 1178 divinent.
1507 1098 2053 1195 Gelotophyllida
2095 1100 2165 1168 in
2216 1102 2519 1189 Bactris,
2569 1116 2633 1171 et

549 1245 726 1314 circa
791 1246 1265 1340 Borysthenen.
1324 1250 1483 1354 Haec
1544 1248 1598 1314 si
1665 1247 1935 1315 bibatur
1965 1321 1974 1331 ,
2001 1271 2154 1315 cum
2218 1247 2496 1341 myrrha
2571 1262 2637 1316 et

551 1391 710 1457 vino
735 1441 754 1474 ‚
803 1391 1019 1458 varias
1067 1389 1401 1458 obversari
1461 1391 1703 1485 species
1726 1444 1744 1477 ‚
1791 1389 2185 1485 ridendique
2234 1391 2435 1460 finem
2481 1417 2636 1461 ‚non

552 1532 743 1621 fieri,
801 1533 943 1626 nisi
986 1534 1157 1627 potis
1214 1532 1472 1606 nucleis
1528 1535 1737 1628 pineae
1799 1535 1988 1603 nucis
2039 1558 2210 1618 cuma
2245 1495 2515 1628 pipere,
2569 1550 2637 1604 et

552 1675 746 1750 melle
824 1679 894 1745 in
969 1679 1127 1747 vino
1197 1676 1478 1772 palmeo.
1553 1678 1997 1747 Hestiatorida
2069 1704 2106 1747 a
2180 1680 2492 1772 convictu
2564 1682 2634 1748 in

448 1815 455 1824 ’
555 1805 831 1892 Perside⁴
876 1825 1209 1892 nominari
1261 1849 1277 1890 ε
1327 1823 1644 1916 quoniam
1698 1821 2070 1891 hilarentur
2121 1821 2253 1892 illa.
2316 1824 2637 1894 Eamdem

553 1966 1070 2061 protomediam,
1108 1991 1237 2060 qua
1275 1968 1633 2060 primatum
1675 1965 1853 2062 apud
1894 1992 2079 2062 reges
2116 1967 2480 2062 obtineant.

558 2408 564 2415 ,
600 2423 605 2428 ·
658 2336 1056 2429 Casigneten
1079 2386 1097 2422 ,
1141 2337 1456 2428 quoniam
1492 2359 1712 2404 secum
1755 2337 1901 2430 ipsa
1935 2349 2276 2423 nascatur,
2319 2360 2441 2404 nec
2477 2360 2630 2405 cum

558 2477 712 2548 ullis
766 2476 911 2548 aliis
972 2479 1217 2548 herbis,
1272 2479 1594 2550 Eamdem
1643 2480 2368 2576 dionysonymphadem
2391 2534 2410 2568 ‚
2459 2507 2628 2575 quo·

557 2610 736 2690 niam
772 2623 930 2691 vino
961 2623 1128 2691 mire
1162 2623 1536 2695 conveniat.
1582 2621 1973 2694 Helianthes
2011 2638 2207 2692 vocat
2243 2612 2326 2690 in‘
2356 2623 2630 2693 themis-

560 2791 797 2862 cyrena
863 2750 1135 2862 regione
1193 2781 1258 2835 et
1311 2764 1563 2835 Ciliciae
1620 2750 1958 2836 montibus
2019 2767 2366 2836 maritimis
2392 2818 2411 2855 ,
2469 2765 2629 2836 folio

559 2912 797 3004 myrti„
816 2913 960 2991 Hac
995 2936 1146 2980 cum
1185 2909 1377 3004 adipe
1411 2908 1681 2979 leonino
1720 2880 1987 2983 decocta
2010 2963 2029 2999 ,
2064 2910 2292 2979 addito
2313 2935 2533 2991 ‚croco
2570 2923 2633 2978 et

549 3053 818 3147 ,palmeo
848 3055 1043 3141 vino,
1081 3055 1364 3148 perungi
1407 3075 1637 3159 magos
1669 3068 1736 3123 et
1767 3055 2117 3123 Persarum
2151 3066 2339 3149 reges
2358 3106 2378 3137 ,
2412 3068 2490 3123 ut
2519 3052 2636 3121 fiat

562 3223 804 3292 corpus
842 3184 1127 3291 aspectu⁴
1158 3195 1555 3290 jucundum.
1606 3195 1763 3266 Ideo
1804 3197 2104 3266 eamdem
2146 3196 2634 3287 heliocallidem

558 3344 906 3411 nominari.
1256 3322 1261 3327 ’

572 3452 576 3461 ¹
663 3487 1060 3567 Hermesias,
1091 3487 1175 3555 ab
1219 3485 1461 3562 ,eodem
1515 3500 1793 3571 vocatur
1810 3537 1828 3567 ‚
1876 3484 1963 3581 ad
2012 3484 2253 3555 liberos
2308 3509 2637 3581 generan-

561 3626 680 3695 dos
729 3622 1041 3719 pulchros
1099 3627 1488 3720 bonosque,
1530 3650 1664 3693 non
1711 3624 1916 3693 herba
1938 3677 1957 3712 ‚
1997 3624 2111 3693 sed
2160 3626 2557 3719 compositio
2602 3649 2638 3694 e

531 3760 814 3832 'nucleis
868 3763 1078 3857 pineae
1125 3730 1325 3830 nucis.
1364 3762 1540 3830 tritis
1580 3734 1734 3829 cum
1773 3758 2009 3846 melle,
2051 3761 2359 3854 myrrha,
2404 3786 2635 3849 eroon,

563 3903 720 3970 vino
763 3899 1020 3995 palmeo
1041 3952 1059 3988 ,
1100 3913 1335 3993 postea·
1362 3870 1674 3967 admixto
1695 3876 2142 3968 theombrotio
2176 3915 2242 3968 et
2279 3892 2451 3968 lacte
2474 3951 2495 3986 ‚
2534 3903 2634 3970 bi·

559 4018 716 4131 bere
762 4051 1187 4132 generaturos
1226 4035 1457 4129 jubet,
1504 4051 1570 4104 et
1621 4024 1675 4103 a‘
1708 4051 2033 4129 conceptu
2080 4061 2440 4131 puerperas
2483 4064 2635 4132 par-
