2846 4869
495 347 608 408 256
936 352 1000 405 C.
1042 345 1275 408 PLINII
1315 341 1510 403 ffls‘r.
1552 340 1726 402 NAT.
1766 340 1908 404 LIB.
1937 343 2121 408 XXV.

1029 610 1324 668 Nobilium
1355 611 1667 666 herbarum
1697 610 2045 667 inventores,

591 821 743 903 VII.
782 817 937 888 Fuit
976 813 1244 913 quidem
1289 831 1357 890 et
1399 821 1511 889 hic
1554 811 1896 913 quondam
1936 818 2260 905 ambituS‚
2304 818 2579 886 nomini-

496 963 619 1031 bus
672 964 806 1032 suis
856 988 966 1033 eas
1018 958 1433 1057 adoptandi,
1486 980 1571 1033 ut>
1615 964 2001 1035 docebimus
2049 962 2279 1033 fecisse
2332 988 2520 1058 reges
2562 981 2579 1029 t

498 1123 683 1177 tanta
733 1134 835 1177 res
887 1107 1277 1197 videbatur,
1334 1110 1610 1178 herbam
1669 1111 2005 1198 invenire,
2061 1111 2265 1208 vitam
2312 1103 2585 1203 juvare,

497 1276 677 1320 nunc
711 1251 1007 1320 fortassis
1036 1249 1369 1346 aliquibus
1397 1277 1630 1322 curam
1659 1267 1958 1322 nostram
1984 1251 2293 1322 frivolam
2324 1278 2588 1346 quoque

498 1396 969 1465 existimaturis
1000 1422 1017 1465 ε
1054 1395 1222 1466 adeo
1260 1395 1510 1466 deliciis
1553 1396 1824 1466 sordent
1864 1398 2066 1465 etiam
2103 1377 2270 1489 quaev
2294 1395 2381 1465 ad
2417 1398 2589 1465 salu-

499 1554 632 1609 tem
664 1543 1018 1635 pertinent.
1057 1544 1383 1611 Auctores
1425 1556 1650 1611 tamen
1695 1566 1982 1635 quarum
2016 1542 2488 1630 inveniuntur,
2527 1543 2590 1608 in

499 1688 731 1781 primis
777 1676 1113 1755 celebrare
1163 1712 1285 1782 par
1323 1701 1463 1775 est,
1504 1685 1747 1755 effectu
1794 1711 2023 1776 earum
2072 1687 2328 1781 digesto
2369 1689 2441 1755 in
2489 1713 2592 1782 ge-

500 1819 660 1903 nera
711 1835 1127 1904 morborum.
1184 1835 1340 1924 Qua
1394 1830 1668 1926 quidem
1712 1833 1782 1900 in
1830 1836 2254 1928 reputatione
2297 1836 2592 1904 misereri

501 1957 705 2047 sortis⁵
729 1977 1037 2046 humanae
1078 1977 1294 2065 subit,
1338 1992 1580 2070 praeter
1620 1975 1898 2044 fortuita
1940 2000 2300 2070 casusque,
2344 1992 2411 2045 et
2452 2002 2589 2071 quae

500 2125 773 2193 uomina
805 2124 1023 2191 omnis
1058 2123 1223 2191 hora
1257 2124 1623 2219 excogitat,
1663 2121 1747 2190 ad
1783 2121 1989 2190 millia
2026 2123 2422 2226 morborum
2462 2124 2588 2191 sin·

500 2268 672 2365 gulis
731 2261 1116 2336 mortalium
1174 2268 1490 2336 timenda.
1553 2268 1693 2357 Qui
1751 2269 2123 2363 gravissimi
2172 2295 2254 2336 ex
2303 2270 2409 2337 his
2462 2271 2592 2339 sint

501 2412 876 2483 discernere
899 2465 917 2500 ‚
967 2412 1260 2482 stultitiae
1310 2438 1521 2508 prope
1582 2412 1793 2483 videri
1847 2427 2068 2508 potest
2098 2468 2117 2502 ‚
2164 2440 2374 2508 quum
2435 2442 2589 2485 suus

499 2559 739 2652 cuique
773 2558 858 2628 ad
892 2583 1178 2653 praesens
1214 2559 1499 2651 quisque
1526 2560 1978 2627 atrocissimus
2018 2559 2345 2630 videatur.
2379 2565 2468 2631 Et
2514 2561 2591 2629 de

499 2706 629 2773 hoc
667 2719 887 2772 tamen
917 2703 1300 2797 judicavere
1333 2704 1455 2769 aevi
1492 2703 1975 2796 experimenta,
2011 2707 2411 2798 asperrimos
2448 2734 2594 2776 cru-

499 2851 708 2918 ciatus
761 2872 901 2917 esse
950 2845 1370 2947 calculorum
1408 2872 1448 2916 a
1496 2845 1832 2916 stillicidio
1883 2849 2118 2918 vesicae
2157 2877 2174 2918 ε
2215 2853 2594 2945 proximum

501 2994 866 3079 stomachi,
918 2994 1192 3063 tertium
1237 3016 1476 3060 eorum
1523 3017 1672 3085 quae
1716 2993 1786 3061 in
1832 2994 2047 3089 capite
2093 2994 2364 3065 doleant
2401 3024 2420 3065 ε
2462 3022 2591 3066 non

500 3139 587 3206 ob
630 3124 794 3207 alios
834 3136 971 3209 fere
1005 3151 1222 3205 morte
1262 3137 1540 3205 concita.

604 3591 658 3656 A
699 3589 949 3659 Graecis
989 3591 1322 3658 etnoxias
1364 3589 1600 3658 herbas
1638 3588 2121 3660 demonstratas
2158 3588 2370 3656 miror
2402 3586 2586 3679 equi-

500 3734 675 3802 dem.
713 3734 856 3803 Nec
895 3758 1308 3801 venenorum
1351 3748 1615 3802 tantum
1651 3760 1666 3801 ε
1711 3735 2027 3828 quoniam
2061 3759 2139 3802 ea
2174 3733 2322 3800 vitae
2362 3729 2588 3800 condi-

503 3880 598 3946 tio
631 3893 764 3967 est,
796 3858 1070 3946 ut'mori
1104 3874 1502 3971 plerumque
1534 3879 1736 3947 etiam
1768 3879 2003 3973 optimi
2034 3893 2268 3972 portus
2301 3878 2427 3945 sit:
2460 3891 2588 3944 tra·

498 4019 747 4114 datque
784 4023 881 4089 M.
918 4024 1175 4107 Varr0‚
1212 4021 1521 4089 Servium
1562 4019 1878 4090 Clodium
1911 4021 2202 4114 equitem
2237 4041 2584 4089 romanum
