2846 4869
479 450 550 506 ιε
907 449 970 505 c.
1010 423 1253 505 ruuu
1294 440 1490 504 msT.
1535 445 1709 502 ΝΑΤ.
1752 446 1897 501 Lm.
1920 444 2137 501 xxiv.

473 575 692 670 fugari
733 588 989 643 certum
1029 588 1130 642 est
1168 599 1183 640 ε
1222 572 1377 643 item
1432 571 1650 641 baccis
1695 571 1867 641 tritis
1909 594 2065 641 cum
2107 568 2258 641 oleo
2280 621 2299 656 ‚
2347 569 2400 637 si
2452 567 2570 662 qui

472 732 957 814 perungantur.

1340 951 1586 1009 Cedride
1600 993 1617 1022 ,
1656 971 1713 1008 x.

540 1146 720 1233 'XIL
761 1163 1081 1234 Cedrides
1102 1214 1122 1253 ‚
1156 1163 1286 1233 hoc
1321 1176 1421 1232 est
1456 1159 1716 1231 fructus
1755 1162 1973 1249 cedri,
2014 1160 2250 1230 tussim
2291 1174 2567 1247 sanant,

473 1311 735 1378 urinam
773 1309 998 1398 cient,
1040 1307 1268 1377 alvum
1305 1307 1553 1376 sistunt
1592 1322 1609 1375 ὲ
1657 1305 1853 1377 utiles
1895 1307 2149 1400 ruptis,
2186 1305 2565 1393 convulsis,

471 1454 773 1550 spasticis
793 1507 813 1540 ‚
850 1435 1248 1549 stranguriae
1269 1507 1289 1541 ‚
1338 1451 1561 1545 vulvis
1586 1505 1606 1539 ‚
1660 1452 1913 1522 admoti
1953 1477 1969 1520 z
2012 1465 2247 1522 contra
2306 1450 2563 1547 lepores

466 1599 764 1669 marinos
780 1650 802 1685 ‚
841 1596 1208 1693 eademque
1244 1621 1394 1692 quoe
1429 1621 1632 1692 supra
1664 1623 1681 1665 ε
1717 1595 2225 1667 collectionibus
2241 1648 2263 1685 ‚
2295 1595 2564 1666 inflam-

472 1743 1032 1837 motionibusque.

1254 2094 1524 2161 Galbano
1538 2146 1555 2175 ,
1596 2124 1772 2162 xx111.

563 2314 757 2382 XIII.
803 2314 908 2382 De
957 2309 1249 2405 galbano
1298 2312 1608 2384 diximus.
1659 2316 1896 2409 Neque
1947 2314 2300 2384 humidum
2347 2338 2563 2410 neque

464 2458 731 2530 aridum
782 2457 1138 2554 probatur,
1185 2458 1301 2529 sed
1345 2459 1542 2555 quale
1592 2459 1962 2532 docuimus.
2011 2464 2140 2531 Per
2191 2487 2261 2532 se
2309 2422 2564 2531 bibii'ur

467 2605 552 2675 ad
613 2607 849 2697 tussim
901 2619 1190 2675 veterem
1202 2659 1230 2695 ‚‚
1283 2607 1570 2703 suspiria
1591 2658 1611 2693 ‚
1660 2622 1860 2702 rupta
1881 2660 1901 2694 ‚
1951 2606 2287 2679 convulsa.
2332 2611 2563 2703 Impo-

467 2750 654 2819 nitur
694 2719 1068 2819 iscbiadicis
1088 2800 1109 2838 ‚
1158 2748 1384 2819 lateris
1440 2748 1822 2841 doloribus,
1871 2753 2101 2845 panis,
2150 2751 2524 2822 furunculis
2544 2805 2564 2840 ,

465 2897 735 2989 corpori
772 2896 857 2964 ab
899 2895 1160 2965 ossibus
1199 2896 1580 2983 recedenti,
1619 2898 1927 2987 strumis,
1966 2897 2404 2968 articulorum
2445 2924 2566 2968 no-

467 3041 607 3129 dis,
652 3040 957 3110 dentium
992 3064 1265 3135 quoque
1316 3031 1684 3111 doloribus.
1721 3040 2015 3130 Illinitur
2050 3059 2119 3113 et
2166 3040 2565 3116 cum‚melle

465 3187 697 3282 eapitis
755 3185 1114 3260 ulceribus.
1178 3186 1563 3257 Purulentis
1627 3186 2009 3258 infunditur
2072 3189 2349 3259 auribus
2407 3213 2563 3259 cum

466 3344 740 3403 rosaceo
796 3346 912 3402 aut
977 3330 1209 3403 nardo.
1271 3333 1504 3404 Odore
1565 3332 2010 3404 comitialibus
2053 3334 2380 3405 ‘subvenit
2407 3385 2427 3421 ‚
2487 3349 2558 3404 et

465 3476 667 3560 (ulva
709 3476 1170 3574 strangulante
1189 3532 1210 3570 ,
1247 3495 1314 3549 et
1349 3481 1420 3549 in
1459 3480 1783 3549 stomachi
1816 3465 2103 3549 defectu.

506 3683 511 3686 ·
564 3663 857 3735 Abortus
879 3690 1017 3734 non
1042 3678 1360 3735 exeuntes
1390 3665 1598 3738 trahit
1617 3663 1928 3761 adpositu
1960 3665 2065 3736 vel
2099 3665 2329 3736 suffitu
2350 3692 2366 3734 ε
2385 3668 2563 3737 item

464 3810 670 3880 ramis
708 3807 982 3879 ellebori
1023 3808 1478 3908 circumlitum
1515 3824 1713 3903 atque
1759 3810 2154 3905 subjectum.
2206 3812 2563 3904 Serpentes

467 3953 704 4025 nidore
739 3954 1081 4023 urentium
1122 3952 1338 4050 fugari
1388 3952 1695 4023 diximus,
1717 4043 1726 4054 ο
1749 3953 2044 4050 Fugiunt
2088 3966 2155 4021 et
2200 3970 2562 4048 perunctos

467 4099 774 4194 galbano.
806 4096 1119 4170 Medetur
1148 4113 1215 4169 et
1244 4124 1284 4167 a
1319 4099 1673 4193 scorpione
1709 4099 2057 4193 percussis.
2093 4098 2359 4172 Bibitur
2387 4114 2460 4170 et
2487 4100 2559 4172 in
