2846 4869
518 421 630 491 146
951 423 1013 478 c.
1059 421 1297 476 PL1N11
1342 420 1535 477 111sT.
1583 421 1756 476 NAT.
1802 421 1944 476 Lm.
1969 422 2185 478 xxlv.

511 553 779 617 coctum
805 548 946 642 ejus
977 546 1403 616 utilissimum
1429 549 1514 616 sit
1551 547 1765 617 vulvis
1783 601 1801 636 ,
1837 551 2328 644 interaneisque
2350 551 2608 622 exulce-

509 694 669 762 ratis
695 719 710 761 ε
734 693 928 763 sicuti
950 714 1179 763 semen
1200 690 1498 760 articulis
1521 706 1722 786 atque
1743 693 2154 786 praecordiis
2186 697 2258 764 Si
2288 720 2447 765 vero
2470 722 2614 767 cum

507 839 728 910 malva
751 839 1191 933 decoquatur,
1221 853 1455 933 postea
1478 837 1706 908 addito
1736 837 1955 909 mulso
1979 855 2180 934 potus
2207 857 2366 911 ante
2398 859 2612 913 cetera

505 984 725 1054 vulvis
741 985 1235 1077 interaneisque
1257 981 1606 1056 laudatur:
1627 983 1875 1078 quippe
1892 1009 2105 1078 quum
2125 1010 2339 1081 vapor
2351 1013 2613 1083 quoque

507 1129 763 1198 decocti
789 1127 1158 1224 plurimum
1181 1127 1430 1222 prosit:
1455 1124 1852 1222 alarumque
1875 1128 2076 1198 etiam
2097 1129 2611 1224 graveolentiam

506 1274 857 1343 decoctum
894 1272 1026 1344 feni
1066 1271 1397 1341 emendat.
1438 1273 1681 1341 Farina
1726 1275 2099 1369 porrigines
2135 1275 2369 1370 capitis
2401 1274 2610 1345 furfu—

508 1394 746 1512 resque
779 1442 935 1487 cum
969 1418 1126 1485 vino
1162 1431 1228 1485 et
1267 1417 1446 1484 nitro
1483 1414 1789 1509 celeriter
1820 1414 2013 1486 tollit.
2052 1420 2133 1485 In
2170 1418 2610 1514 hydromelite

505 1578 734 1633 autem
792 1560 1067 1631 decocta
1125 1558 1352 1630 addita
1403 1562 1696 1655 axungia
1758 1559 2167 1655 genitalibus
2226 1564 2538 1635 medetur
2568 1594 2604 1648 ,ε

504 1710 662 1776 item
703 1733 914 1803 pano,
954 1703 1282 1802 parotidi,
1320 1704 1665 1799 podagrae,
1704 1705 2055 1800 chiragrae,
2093 1707 2422 1796 articuliS,
2468 1736 2609 1780 car-

503 1817 836 1945 nibusque
873 1875 1024 1944 quae
1063 1847 1388 1917 recedunt
1430 1845 1514 1914 ab
1557 1845 1818 1916 ossibus
1856 1871 1871 1916 :
1911 1863 2099 1917 aceto
2137 1874 2293 1919 vero
2334 1852 2608 1921 subacta

500 1997 762 2070 luxatis,
804 1994 1098 2066 Illinitur
1137 2008 1210 2062 et
1252 1992 1411 2061 lieni
1459 1990 1736 2062 decocta
1777 1994 1848 2061 in
1888 2009 2076 2063 aceto
2112 2009 2178 2063 et
2223 1995 2417 2065 melle
2467 2014 2608 2069 tan-

502 2158 670 2210 tum.
711 2141 1186 2209 Carcinomata
1226 2138 1502 2208 subacta
1536 2163 1618 2206 ex
1654 2139 1814 2206 vino
1849 2154 2099 2233 purgat
2133 2166 2149 2207 ε
2185 2149 2340 2208 mo'x
2373 2141 2605 2211 addito

499 2284 697 2355 melle
734 2300 1068 2380 persanat.
1114 2284 1420 2353 Sumitur
1460 2298 1528 2352 et
1580 2283 1858 2352 sorbitio
1901 2308 1937 2351 e
1985 2283 2202 2353 farina
2242 2285 2324 2353 ad
2373 2303 2603 2381 pectus

499 2428 957 2500 exulceratum
976 2482 995 2516 ‚
1031 2426 1437 2525 longamque
1478 2430 1733 2537 tussim.
1765 2427 1906 2498 Diu
1935 2427 2357 2523 decoquitur,
2388 2431 2604 2503 donec

499 2575 879 2679 amaritudo
917 2575 1196 2644 desinat.
1234 2578 1473 2644 Postea
1508 2574 1638 2644 mel
1670 2574 1957 2645 additur.
1988 2579 2194 2649 Nunc
2232 2579 2373 2672 ipsa
2406 2578 2602 2650 clari-

500 2737 599 2789 tas
635 2720 996 2791 herbarum
1044 2720 1322 2789 dicetur.
