2846 4869
546 380 659 438 306
701 394 705 399 ’
1002 377 1063 432 C.
1105 375 1336 432 PLINII
1379 375 1575 432 HIST.
1617 374 1794 431 NAT.
1839 374 1977 433 LIB.
2022 374 2202 431 XXV.

1359 591 1699 650 Cantabrica
1713 632 1732 663 ,
1760 610 1829 648 11.

638 789 916 858 XLVII.
968 788 1051 854 In
1103 784 1336 855 eadem
1379 785 1702 879 Hispania
1750 784 2021 853 inventa
2067 782 2162 852 sic
2210 783 2579 852 cantabrica
2597 835 2614 870 ,

541 956 663 1027 per
694 930 832 1000 divi
865 930 1149 1025 Augusti
1185 942 1488 1023 tempora
1521 952 1561 996 a
1596 927 1953 996 Cantabris
1994 941 2279 1023 reperta.
2319 927 2616 998 Nascitur

544 1076 795 1171 ubique
837 1071 1026 1144 caule
1055 1074 1298 1169 junceo
1340 1070 1596 1169 pedali,
1633 1071 1704 1140 in
1739 1095 1875 1166 quo
1909 1086 2069 1141 sunt
2101 1070 2359 1142 flosculi
2398 1051 2618 1142 oblon-

542 1223 654 1318 gi,
702 1217 910 1290 veluti
965 1216 1210 1289 calathi
1260 1244 1281 1286 ς
1341 1218 1409 1285 in
1462 1216 1565 1285 his
1622 1240 1848 1302 semen
1899 1239 2225 1311 perquam
2274 1218 2613 1296 minutum.

540 1367 685 1438 Nec
726 1364 890 1434 alias
938 1362 1203 1432 defuere
1250 1327 1587 1456 IIispaniae
1634 1360 1859 1429 herbis
1913 1361 2375 1455 exquirendis,
2432 1378 2509 1431 ut
2555 1365 2614 1430 in

540 1509 784 1604 quibus
836 1508 1206 1577 etiamnum
1257 1504 1461 1574 hodie
1513 1507 1584 1574 iu
1631 1503 1997 1574 'numeroso
2044 1520 2111 1574 et
2164 1504 2412 1575 laetiore
2467 1532 2613 1576 con-

537 1655 723 1728 victu
744 1705 764 1742 ,
801 1652 1148 1747 potionem
1184 1631 1235 1722 e·
1258 1664 1530 1724 centum
1563 1650 1787 1722 herbis
1818 1647 2044 1724 ‘mulso
2080 1649 2323 1726 additis
2346 1703 2368 1741 ,
2411 1650 2610 1721 credi-

528 1799 692 1869 ‘dere
730 1795 1243 1868 saluberrimam
1282 1795 1874 1889 suavissimamque
1905 1820 1921 1863 ε
1958 1819 2081 1864 nec
2114 1796 2466 1889 quisquam
2507 1821 2607 1892 ge-

537 1970 700 2015 nera
765 1930 997 2016 earum
1050 1941 1190 2036 jam
1253 1940 1445 2009 novit
1500 1953 1616 2009 aut
1675 1938 2252 2012 multitudinem.:
2311 1964 2603 2010 numerus

538 2089 760 2160 tamen
797 2099 1059 2160 constat
1099 2087 1169 2156 in
1207 2085 1499 2180 nomine.

1362 2595 1659 2672 Consiligo
1674 2637 1691 2668 ,
1732 2590 1776 2653 ι’.

621 2784 939 2854 XLVIII.
973 2785 1226 2857 Nostra
1272 2799 1428 2857 aetas
1458 2788 1768 2857 meminit
1802 2786 2079 2856 herbam
2124 2786 2198 2867 in
2234 2785 2473 2855 Marsis
2504 2804 2598 2852 re-

526 2941 810 3022 pertam.
855 2927 1174 3011 Nascitur
1210 2928 1280 2996 in
1318 2928 1684 3031 AEquicolis
1729 2931 1910 3033 circa
1963 2931 2191 3000 vicum
2230 2930 2593 3001 Nervesiae:

522 3087 805 3142 vocatur
829 3069 1170 3168 consiligo.
1195 3073 1510 3163 Prodest,
1538 3090 1613 3145 ut
1642 3074 2249 3153 demonstrabimus
2277 3100 2400 3149 suo
2428 3071 2588 3159 loco,

523 3214 885 3311 deploratis
924 3219 995 3289 in
1036 3218 1307 3313 phthisi.

1414 3411 1599 3468 Iberis
1618 3401 1641 3482 ,¹
1674 3432 1718 3471 1.

615 3604 864 3672 XLIX.
900 3605 1166 3674 Invenit
1208 3629 1426 3699 nuper
1458 3620 1527 3674 et
1560 3603 1877 3675 Servilius
1905 3604 2356 3685 Democrates
2393 3634 2428 3677 e
2457 3607 2586 3700 pri·

515 3746 641 3817 mis
692 3745 1104 3817 medentium
1126 3801 1148 3836 ,
1190 3774 1394 3844 quam
1455 3749 1814 3849 appellavit
1850 3751 2104 3825 iberida
2123 3805 2146 3842 ‚
2199 3724 2585 3857 quamquam

512 3889 673 3963 ficto
705 3893 1016 3981 nomine,
1048 3894 1419 3972 inventioni
1437 3896 1597 3991 ‘ejus
1633 3896 1983 3992 adsignata
2018 3899 2337 3973 carmine,
2366 3896 2584 3970 Nasoi·

514 4033 624 4105 tur
663 4039 953 4109 maxime
994 4039 1170 4109 circa
1215 4054 1443 4109 vetera
1489 4057 1922 4115 monumenta
1958 4043 2473 4139 parietinasque,
2515 4054 2580 4109 et
