2846 4869
474 388 588 459 372
773 406 778 413 ·
918 388 977 442 c,
1023 388 1253 445 PL1N11
1298 388 1489 445 ins-r.
1537 389 1708 446 NAT.
1746 384 1894 447 un.
1922 391 2099 447 xxv.

472 510 855 609 praecordiis
890 513 1092 587 etiam
1126 513 1278 585 cibo
1313 539 1395 584 ex
1430 530 1620 585 aceto
1658 539 1804 585 eam
1839 516 2306 611 praedicantes,
2340 542 2568 591 seren·

473 675 704 754 tesque
741 658 812 727 in
852 658 1089 729 hortis.
1124 659 1266 729 Nec
1296 656 1603 753 defuere,
1638 662 1753 754 qui
1799 675 1865 733 et
1902 659 2187 730 alterum
2225 687 2433 757 genus
2466 663 2566 733 fa-

472 820 728 891 cerent,
762 829 887 874 nec
918 803 1115 898 quale
1156 818 1326 873 esset
1347 857 1367 893 ,
1407 805 1985 895 demonstrarent,
2020 823 2256 878 contra
2296 833 2569 905 serpen-

469 965 567 1021 tes
596 951 666 1023 in
697 973 874 1043 aqua
901 930 1296 1034 bibendam,
1329 934 1791 1045 edendamque
1824 949 2278 1025 comitialibus
2307 952 2566 1027 dantes.

470 1097 612 1165 Nos
641 1118 790 1163 eam
820 1093 1118 1162 romanis
1150 1092 1621 1186 experimentis
1654 1117 1777 1188 per
1821 1119 1978 1164 usus
2010 1094 2406 1190 digeremus».
2442 1100 2569 1167 La-

472 1263 655 1331 nugo
696 1238 839 1332 ejus
875 1260 1030 1307 cum
1073 1259 1272 1304 croco
1320 1250 1386 1305 et
1423 1238 1666 1331 exiguo
1718 1260 1907 1330 aquae
1952 1236 2229 1333 frigidae·
2242 1238 2401 1308 trita
2440 1239 2567 1331 illi-

471 1384 656 1451 nitur
697 1381 1041 1476 epiphoris
1079 1408 1095 1450 :
1138 1395 1314 1450 tosta
1347 1405 1502 1453 cum
1542 1382 1714 1450 mica
1751 1381 1942 1471 saliS,
1979 1378 2269 1452 strumis.

1130 2068 1137 2075 -
1252 2029 1615 2103 Ephemeron
1636 2068 1651 2097 ,
1677 2040 1711 2084 '1
1720 2044 1760 2084 1.

565 2236 775 2305 CVII.
818 2236 1239 2330 Ephemeron
1278 2236 1440 2307 folia
1470 2238 1672 2308 habet
1709 2235 1872 2327 lilii,
1911 2236 2029 2306 sed
2068 2237 2330 2304 minora
2352 2287 2371 2322 ‚
2408 2258 2564 2303 cau-

468 2378 599 2448 lem
636 2403 897 2475 parem,
937 2380 1171 2452 florem
1206 2382 1598 2473 caeruleum,
1633 2407 1857 2453 semen
1891 2370 2386 2478 supervacuum
2410 2431 2430 2466 ,
2460 2404 2561 2449 ra-

471 2526 689 2595 dicem
728 2525 933 2597 unam
968 2528 1227 2623 digitali
1259 2528 1726 2623 crassitudine,
1767 2499 2079 2597 dentibus
2115 2528 2520 2623 praecipuam
2544 2578 2563 2613 ‚

472 2673 809 2743 concisam
840 2675 912 2742 in
947 2689 1137 2744 aceto
1167 2673 1645 2767 decoctamque
1681 2688 1755 2746 ut
1780 2673 2011 2770 tepido
2045 2671 2446 2750 colluantur.
2480 2675 2564 2740 Et

470 2815 615 2909 ipsa
654 2816 857 2918 etiam
899 2816 1092 2886 radix
1128 2811 1409 2887 mobiles
1432 2817 1638 2886 sistit.
1668 2813 1752 2885 In
1788 2819 1967 2894 cavis
2000 2833 2069 2886 et
2100 2818 2309 2888 exesis
2340 2819 2564 2912 impri-

471 2965 706 3033 mitur.
753 2963 1168 3034 Chelidoniae
1206 2964 1394 3033 radix
1440 2989 1522 3033 ex
1554 2979 1742 3034 aceto
1795 2965 1955 3036 trita
1994 2965 2379 3042 continetur
2431 2987 2558 3031 ore.

470 3111 698 3180 Erosis
754 3123 1094 3218 veratrum
1145 3113 1415 3208 nigrum
1460 3111 1876 3208 imponitur:
1930 3108 2206 3186 mobiles
2251 3108 2565 3180 utralibet

472 3253 747 3325 decocta
789 3255 859 3324 in
895 3269 1083 3327 aceto
1118 3252 1493 3326 firmantur.

1165 3697 1420 3753 Labrum
1451 3714 1760 3753 venereum
1777 3745 1791 3771 ,
1822 3716 1863 3752 1.

566 3898 816 3966 CVIII.
856 3893 1152 3965 Labrum
1190 3920 1549 3966 venereum
1587 3910 1831 3965 vocant
1881 3896 1950 3964 in
1981 3893 2257 3965 flumine
2294 3913 2565 3964 nascen-

471 4053 625 4108 tem.
666 4042 785 4111 Est
826 4041 886 4109 ei
932 4037 1377 4128 vermiculuS‚
1421 4041 1537 4133 qui
1581 4040 1755 4109 circa
1803 4038 2032 4110 dentes
2075 4053 2386 4127 necatur,
2439 4050 2556 4106 aut
