<?xml version="1.0" encoding="UTF-8"?>
<!DOCTYPE html PUBLIC "-//W3C//DTD XHTML 1.0 Transitional//EN"
    "http://www.w3.org/TR/xhtml1/DTD/xhtml1-transitional.dtd">
<html xmlns="http://www.w3.org/1999/xhtml" xml:lang="en" lang="en">
 <head>
  <title>
</title>
<meta http-equiv="Content-Type" content="text/html;charset=utf-8" />
  <meta name='ocr-system' content='tesseract 3.04.00' />
  <meta name='ocr-capabilities' content='ocr_page ocr_carea ocr_par ocr_line ocrx_word'/>
</head>
<body>
  <div class='ocr_page' id='page_1' title='image "./histoirenaturel01grangoog_0260.png"; bbox 0 0 2846 4869; ppageno 0'>
   <div class='ocr_carea' id='block_1_1' title="bbox 518 328 2141 435">
    <p class='ocr_par' dir='ltr' id='par_1_1' title="bbox 518 328 2141 435">
     <span class='ocr_line' id='line_1_1' title="bbox 518 328 2141 435; baseline -0.002 -1"><span class='ocrx_word' id='word_1_1' title='bbox 518 376 631 435; x_wconf 80' lang='lat'><strong>250</strong></span> <span class='ocrx_word' id='word_1_2' title='bbox 949 375 1011 432; x_wconf 82' lang='lat' dir='ltr'><strong>C.</strong></span> <span class='ocrx_word' id='word_1_3' title='bbox 1051 328 1287 434; x_wconf 64' lang='lat' dir='ltr'><strong>PLthi</strong></span> <span class='ocrx_word' id='word_1_4' title='bbox 1325 377 1519 434; x_wconf 85' lang='lat' dir='ltr'>HIST.</span> <span class='ocrx_word' id='word_1_5' title='bbox 1559 378 1736 433; x_wconf 88' lang='lat' dir='ltr'><strong>NAT.</strong></span> <span class='ocrx_word' id='word_1_6' title='bbox 1777 377 1922 433; x_wconf 87' lang='lat' dir='ltr'><strong>LIB.</strong></span> <span class='ocrx_word' id='word_1_7' title='bbox 1952 376 2141 433; x_wconf 84' lang='lat' dir='ltr'>XXV.-</span> 
     </span>
    </p>
   </div>
   <div class='ocr_carea' id='block_1_2' title="bbox 517 501 2612 1326">
    <p class='ocr_par' dir='ltr' id='par_1_2' title="bbox 517 501 2612 1326">
     <span class='ocr_line' id='line_1_2' title="bbox 517 501 2598 598; baseline 0 -26"><span class='ocrx_word' id='word_1_8' title='bbox 517 503 689 572; x_wconf 89' lang='lat' dir='ltr'><strong>Inde</strong></span> <span class='ocrx_word' id='word_1_9' title='bbox 727 517 794 573; x_wconf 89' lang='lat' dir='ltr'><strong>et</strong></span> <span class='ocrx_word' id='word_1_10' title='bbox 833 501 1186 598; x_wconf 85' lang='lat' dir='ltr'><strong>plerosque</strong></span> <span class='ocrx_word' id='word_1_11' title='bbox 1229 504 1320 573; x_wconf 83' lang='lat' dir='ltr'><strong>ita</strong></span> <span class='ocrx_word' id='word_1_12' title='bbox 1357 503 1554 573; x_wconf 88' lang='lat' dir='ltr'><strong>video</strong></span> <span class='ocrx_word' id='word_1_13' title='bbox 1599 506 1975 574; x_wconf 82' lang='lat' dir='ltr'><strong>existimare</strong></span> <span class='ocrx_word' id='word_1_14' title='bbox 1998 557 2017 591; x_wconf 90' lang='lat'>‚</span> <span class='ocrx_word' id='word_1_15' title='bbox 2058 503 2223 572; x_wconf 82' lang='lat' dir='ltr'>nihil</span> <span class='ocrx_word' id='word_1_16' title='bbox 2264 525 2399 573; x_wconf 87' lang='lat' dir='ltr'><strong>non</strong></span> <span class='ocrx_word' id='word_1_17' title='bbox 2436 504 2598 574; x_wconf 64' lang='lat' dir='ltr'><strong>‘her-</strong></span> 
     </span>
     <span class='ocr_line' id='line_1_3' title="bbox 520 647 2604 745; baseline 0.001 -27"><span class='ocrx_word' id='word_1_18' title='bbox 520 651 755 720; x_wconf 87' lang='lat' dir='ltr'><strong>barum</strong></span> <span class='ocrx_word' id='word_1_19' title='bbox 805 651 869 717; x_wconf 88' lang='lat' dir='ltr'><strong>vi</strong></span> <span class='ocrx_word' id='word_1_20' title='bbox 921 649 1092 720; x_wconf 89' lang='lat' dir='ltr'><strong>effici</strong></span> <span class='ocrx_word' id='word_1_21' title='bbox 1144 674 1336 745; x_wconf 90' lang='lat' dir='ltr'><strong>posse</strong></span> <span class='ocrx_word' id='word_1_22' title='bbox 1362 702 1381 737; x_wconf 91' lang='lat'><strong>,</strong></span> <span class='ocrx_word' id='word_1_23' title='bbox 1432 649 1549 718; x_wconf 58' lang='lat' dir='ltr'><strong>‘sed</strong></span> <span class='ocrx_word' id='word_1_24' title='bbox 1600 647 2043 745; x_wconf 85' lang='lat' dir='ltr'><strong>plurimarum</strong></span> <span class='ocrx_word' id='word_1_25' title='bbox 2096 650 2266 720; x_wconf 88' lang='lat' dir='ltr'><strong>vires</strong></span> <span class='ocrx_word' id='word_1_26' title='bbox 2310 676 2451 720; x_wconf 87' lang='lat' dir='ltr'><strong>esse</strong></span> <span class='ocrx_word' id='word_1_27' title='bbox 2507 654 2604 720; x_wconf 88' lang='lat' dir='ltr'><strong>in-</strong></span> 
     </span>
     <span class='ocr_line' id='line_1_4' title="bbox 522 763 2607 892; baseline 0 -27"><span class='ocrx_word' id='word_1_28' title='bbox 522 797 827 892; x_wconf 85' lang='lat' dir='ltr'><strong>cognitas</strong></span> <span class='ocrx_word' id='word_1_29' title='bbox 873 820 888 863; x_wconf 74' lang='lat'>2</span> <span class='ocrx_word' id='word_1_30' title='bbox 941 819 1231 888; x_wconf 87' lang='lat' dir='ltr'><strong>quorum</strong></span> <span class='ocrx_word' id='word_1_31' title='bbox 1288 795 1358 862; x_wconf 91' lang='lat' dir='ltr'><strong>in</strong></span> <span class='ocrx_word' id='word_1_32' title='bbox 1416 818 1695 863; x_wconf 87' lang='lat' dir='ltr'><strong>numero</strong></span> <span class='ocrx_word' id='word_1_33' title='bbox 1749 793 1878 863; x_wconf 85' lang='lat' dir='ltr'><strong>fuit</strong></span> <span class='ocrx_word' id='word_1_34' title='bbox 1930 763 2338 891; x_wconf 81' lang='lat' dir='ltr'><strong>Herophilus</strong></span> <span class='ocrx_word' id='word_1_35' title='bbox 2393 795 2607 865; x_wconf 90' lang='lat' dir='ltr'><strong>clarus</strong></span> 
     </span>
     <span class='ocr_line' id='line_1_5' title="bbox 522 938 2612 1033; baseline -0 -23"><span class='ocrx_word' id='word_1_36' title='bbox 522 940 889 1030; x_wconf 85' lang='lat' dir='ltr'><strong>medicina,</strong></span> <span class='ocrx_word' id='word_1_37' title='bbox 916 965 959 1009; x_wconf 86' lang='lat' dir='ltr'><strong>a</strong></span> <span class='ocrx_word' id='word_1_38' title='bbox 993 965 1129 1033; x_wconf 92' lang='lat' dir='ltr'><strong>quo</strong></span> <span class='ocrx_word' id='word_1_39' title='bbox 1160 939 1385 1009; x_wconf 90' lang='lat' dir='ltr'><strong>ferunt</strong></span> <span class='ocrx_word' id='word_1_40' title='bbox 1414 938 1702 1028; x_wconf 84' lang='lat' dir='ltr'><strong>dictum,</strong></span> <span class='ocrx_word' id='word_1_41' title='bbox 1732 938 2053 1032; x_wconf 81' lang='lat' dir='ltr'><strong>quasdam</strong></span> <span class='ocrx_word' id='word_1_42' title='bbox 2085 939 2389 1009; x_wconf 81' lang='lat' dir='ltr'>fortassis</span> <span class='ocrx_word' id='word_1_43' title='bbox 2416 940 2612 1009; x_wconf 87' lang='lat' dir='ltr'><strong>etiam</strong></span> 
     </span>
     <span class='ocr_line' id='line_1_6' title="bbox 528 1083 2612 1178; baseline -0.002 -22"><span class='ocrx_word' id='word_1_44' title='bbox 528 1083 815 1156; x_wconf 87' lang='lat' dir='ltr'><strong>calcatas</strong></span> <span class='ocrx_word' id='word_1_45' title='bbox 850 1083 1184 1178; x_wconf 85' lang='lat' dir='ltr'><strong>prodesse.</strong></span> <span class='ocrx_word' id='word_1_46' title='bbox 1216 1083 1664 1153; x_wconf 81' lang='lat' dir='ltr'><strong>Observatum</strong></span> <span class='ocrx_word' id='word_1_47' title='bbox 1698 1098 1877 1152; x_wconf 86' lang='lat' dir='ltr'><strong>certe</strong></span> <span class='ocrx_word' id='word_1_48' title='bbox 1905 1099 2006 1154; x_wconf 89' lang='lat' dir='ltr'><strong>est</strong></span> <span class='ocrx_word' id='word_1_49' title='bbox 2035 1083 2436 1153; x_wconf 81' lang='lat' dir='ltr'><strong>inflammari</strong></span> <span class='ocrx_word' id='word_1_50' title='bbox 2470 1083 2612 1152; x_wconf 86' lang='lat' dir='ltr'><strong>vul·</strong></span> 
     </span>
     <span class='ocr_line' id='line_1_7' title="bbox 526 1229 2611 1326; baseline -0.001 -27"><span class='ocrx_word' id='word_1_51' title='bbox 526 1255 688 1299; x_wconf 81' lang='lat' dir='ltr'><strong>nera</strong></span> <span class='ocrx_word' id='word_1_52' title='bbox 735 1254 812 1298; x_wconf 89' lang='lat' dir='ltr'><strong>ac</strong></span> <span class='ocrx_word' id='word_1_53' title='bbox 868 1229 1138 1297; x_wconf 88' lang='lat' dir='ltr'>morbos</span> <span class='ocrx_word' id='word_1_54' title='bbox 1192 1243 1601 1323; x_wconf 87' lang='lat' dir='ltr'><strong>superventu</strong></span> <span class='ocrx_word' id='word_1_55' title='bbox 1656 1253 1889 1298; x_wconf 87' lang='lat' dir='ltr'><strong>eorum</strong></span> <span class='ocrx_word' id='word_1_56' title='bbox 1914 1281 1931 1316; x_wconf 90' lang='lat'>,</span> <span class='ocrx_word' id='word_1_57' title='bbox 1988 1229 2103 1323; x_wconf 90' lang='lat' dir='ltr'><strong>qui</strong></span> <span class='ocrx_word' id='word_1_58' title='bbox 2156 1229 2440 1326; x_wconf 92' lang='lat' dir='ltr'><strong>pedibus</strong></span> <span class='ocrx_word' id='word_1_59' title='bbox 2495 1230 2611 1297; x_wconf 85' lang='lat' dir='ltr'><strong>iter</strong></span> 
     </span>
    </p>
   </div>
   <div class='ocr_carea' id='block_1_3' title="bbox 529 1373 955 1445">
    <p class='ocr_par' dir='ltr' id='par_1_3' title="bbox 529 1373 955 1445">
     <span class='ocr_line' id='line_1_8' title="bbox 529 1373 955 1445; baseline -0.012 0"><span class='ocrx_word' id='word_1_60' title='bbox 529 1373 955 1445; x_wconf 85' lang='lat' dir='ltr'><strong>confecerint.</strong></span> 
     </span>
    </p>
   </div>
   <div class='ocr_carea' id='block_1_4' title="bbox 534 1803 2616 1873">
    <p class='ocr_par' dir='ltr' id='par_1_4' title="bbox 534 1803 2616 1873">
     <span class='ocr_line' id='line_1_9' title="bbox 534 1803 2616 1873; baseline 0.001 -14"><span class='ocrx_word' id='word_1_61' title='bbox 534 1803 725 1873; x_wconf 83' lang='lat' dir='ltr'><strong>Quare</strong></span> <span class='ocrx_word' id='word_1_62' title='bbox 750 1805 939 1863; x_wconf 86' lang='lat' dir='ltr'><strong>minus</strong></span> <span class='ocrx_word' id='word_1_63' title='bbox 972 1817 1340 1864; x_wconf 81' lang='lat' dir='ltr'><strong>exerceantur</strong></span> <span class='ocrx_word' id='word_1_64' title='bbox 1367 1826 1431 1862; x_wconf 88' lang='lat' dir='ltr'><strong>ea</strong></span> <span class='ocrx_word' id='word_1_65' title='bbox 1459 1810 1728 1867; x_wconf 83' lang='lat' dir='ltr'><strong>remedia.</strong></span> <span class='ocrx_word' id='word_1_66' title='bbox 1762 1811 1968 1870; x_wconf 82' lang='lat' dir='ltr'><strong>Herbae</strong></span> <span class='ocrx_word' id='word_1_67' title='bbox 1995 1810 2336 1867; x_wconf 84' lang='lat' dir='ltr'><strong>mirabiliter</strong></span> <span class='ocrx_word' id='word_1_68' title='bbox 2363 1811 2616 1865; x_wconf 80' lang='lat' dir='ltr'><strong>invent&#39;ae.</strong></span> 
     </span>
    </p>
   </div>
   <div class='ocr_carea' id='block_1_5' title="bbox 612 1894 2618 2071">
    <p class='ocr_par' dir='ltr' id='par_1_5' title="bbox 612 1894 2618 2071">
     <span class='ocr_line' id='line_1_10' title="bbox 616 1894 2618 1977; baseline 0.001 -20"><span class='ocrx_word' id='word_1_69' title='bbox 616 1897 1040 1977; x_wconf 84' lang='lat' dir='ltr'><strong>Cynorrhodon</strong></span> <span class='ocrx_word' id='word_1_70' title='bbox 1062 1948 1080 1975; x_wconf 89' lang='lat'>‚</span> <span class='ocrx_word' id='word_1_71' title='bbox 1134 1904 1434 1961; x_wconf 80' lang='lat' dir='ltr'><strong>medicinae</strong></span> <span class='ocrx_word' id='word_1_72' title='bbox 1470 1926 1538 1961; x_wconf 89' lang='lat'><strong>11.</strong></span> <span class='ocrx_word' id='word_1_73' title='bbox 1590 1908 1982 1964; x_wconf 81' lang='lat' dir='ltr'><strong>Dracunculus</strong></span> <span class='ocrx_word' id='word_1_74' title='bbox 2032 1894 2206 1963; x_wconf 82' lang='lat' dir='ltr'><strong>caulis</strong></span> <span class='ocrx_word' id='word_1_75' title='bbox 2224 1949 2242 1977; x_wconf 88' lang='lat'>,</span> <span class='ocrx_word' id='word_1_76' title='bbox 2291 1927 2354 1975; x_wconf 80' lang='lat'><strong>13</strong></span> <span class='ocrx_word' id='word_1_77' title='bbox 2400 1906 2618 1962; x_wconf 85' lang='lat' dir='ltr'><strong>britan-</strong></span> 
     </span>
     <span class='ocr_line' id='line_1_11' title="bbox 612 2002 864 2071; baseline 0.004 -14"><span class='ocrx_word' id='word_1_78' title='bbox 612 2002 772 2071; x_wconf 88' lang='lat' dir='ltr'><strong>nica,</strong></span> <span class='ocrx_word' id='word_1_79' title='bbox 810 2022 864 2058; x_wconf 87' lang='lat' dir='ltr'><strong>v.</strong></span> 
     </span>
    </p>
   </div>
   <div class='ocr_carea' id='block_1_6' title="bbox 544 2229 2631 3777">
    <p class='ocr_par' dir='ltr' id='par_1_6' title="bbox 544 2229 2631 3777">
     <span class='ocr_line' id='line_1_12' title="bbox 609 2229 2621 2327; baseline -0 -32"><span class='ocrx_word' id='word_1_80' title='bbox 609 2230 761 2296; x_wconf 91' lang='lat' dir='ltr'><strong>VI.</strong></span> <span class='ocrx_word' id='word_1_81' title='bbox 814 2230 969 2298; x_wconf 84' lang='lat' dir='ltr'><strong>Haee</strong></span> <span class='ocrx_word' id='word_1_82' title='bbox 1008 2244 1150 2299; x_wconf 90' lang='lat' dir='ltr'><strong>erat</strong></span> <span class='ocrx_word' id='word_1_83' title='bbox 1198 2232 1475 2325; x_wconf 82' lang='lat' dir='ltr'><strong>antiqua</strong></span> <span class='ocrx_word' id='word_1_84' title='bbox 1516 2231 1881 2319; x_wconf 86' lang='lat' dir='ltr'><strong>medicina,</strong></span> <span class='ocrx_word' id='word_1_85' title='bbox 1928 2257 2075 2327; x_wconf 86' lang='lat' dir='ltr'><strong>quae</strong></span> <span class='ocrx_word' id='word_1_86' title='bbox 2116 2245 2256 2300; x_wconf 88' lang='lat' dir='ltr'><strong>tota</strong></span> <span class='ocrx_word' id='word_1_87' title='bbox 2296 2229 2621 2323; x_wconf 79' lang='lat' dir='ltr'>migrabat</span> 
     </span>
     <span class='ocr_line' id='line_1_13' title="bbox 544 2345 2624 2472; baseline 0.001 -32"><span class='ocrx_word' id='word_1_88' title='bbox 544 2345 615 2440; x_wconf 89' lang='lat' dir='ltr'><strong>in</strong></span> <span class='ocrx_word' id='word_1_89' title='bbox 662 2374 936 2443; x_wconf 84' lang='lat' dir='ltr'><strong>Graeciae</strong></span> <span class='ocrx_word' id='word_1_90' title='bbox 994 2372 1275 2471; x_wconf 78' lang='lat' dir='ltr'><strong>linguas,</strong></span> <span class='ocrx_word' id='word_1_91' title='bbox 1328 2377 1460 2447; x_wconf 90' lang='lat' dir='ltr'><strong>Sed</strong></span> <span class='ocrx_word' id='word_1_92' title='bbox 1509 2393 1718 2472; x_wconf 85' lang='lat' dir='ltr'><strong>quare</strong></span> <span class='ocrx_word' id='word_1_93' title='bbox 1767 2403 1903 2446; x_wconf 90' lang='lat' dir='ltr'><strong>non</strong></span> <span class='ocrx_word' id='word_1_94' title='bbox 1957 2376 2182 2472; x_wconf 85' lang='lat' dir='ltr'><strong>plures</strong></span> <span class='ocrx_word' id='word_1_95' title='bbox 2227 2359 2624 2457; x_wconf 79' lang='lat' dir='ltr'><strong>noscantur,</strong></span> 
     </span>
     <span class='ocr_line' id='line_1_14' title="bbox 547 2522 2626 2637; baseline 0.001 -52"><span class='ocrx_word' id='word_1_96' title='bbox 547 2543 743 2586; x_wconf 87' lang='lat' dir='ltr'><strong>causa</strong></span> <span class='ocrx_word' id='word_1_97' title='bbox 779 2533 917 2606; x_wconf 83' lang='lat' dir='ltr'><strong>est,</strong></span> <span class='ocrx_word' id='word_1_98' title='bbox 952 2522 1134 2614; x_wconf 90' lang='lat' dir='ltr'><strong>quod</strong></span> <span class='ocrx_word' id='word_1_99' title='bbox 1166 2547 1275 2592; x_wconf 85' lang='lat' dir='ltr'><strong>eas</strong></span> <span class='ocrx_word' id='word_1_100' title='bbox 1305 2539 1594 2618; x_wconf 87' lang='lat' dir='ltr'><strong>agrestes</strong></span> <span class='ocrx_word' id='word_1_101' title='bbox 1629 2524 2135 2623; x_wconf 67' lang='lat' dir='ltr'><strong>litterarumque</strong></span> <span class='ocrx_word' id='word_1_102' title='bbox 2173 2524 2391 2637; x_wconf 53' lang='lat' dir='ltr'><strong>igssari</strong></span> <span class='ocrx_word' id='word_1_103' title='bbox 2431 2544 2626 2614; x_wconf 86' lang='lat' dir='ltr'><strong>expe-</strong></span> 
     </span>
     <span class='ocr_line' id='line_1_15' title="bbox 546 2646 2626 2767; baseline 0 -37"><span class='ocrx_word' id='word_1_104' title='bbox 546 2664 847 2767; x_wconf 82' lang='lat' dir='ltr'><strong>riuntur,</strong></span> <span class='ocrx_word' id='word_1_105' title='bbox 887 2666 1118 2758; x_wconf 38' lang='lat' dir='ltr'><strong>ut‘qui</strong></span> <span class='ocrx_word' id='word_1_106' title='bbox 1161 2665 1283 2734; x_wconf 91' lang='lat' dir='ltr'><strong>soli</strong></span> <span class='ocrx_word' id='word_1_107' title='bbox 1326 2646 1501 2735; x_wconf 87' lang='lat' dir='ltr'><strong>inter</strong></span> <span class='ocrx_word' id='word_1_108' title='bbox 1552 2665 1696 2735; x_wconf 85' lang='lat' dir='ltr'><strong>illas</strong></span> <span class='ocrx_word' id='word_1_109' title='bbox 1738 2669 1972 2736; x_wconf 82' lang='lat' dir='ltr'><strong>vivant</strong></span> <span class='ocrx_word' id='word_1_110' title='bbox 2009 2692 2024 2734; x_wconf 73' lang='grc' dir='ltr'><strong><em>ε</em></strong></span> <span class='ocrx_word' id='word_1_111' title='bbox 2070 2679 2392 2761; x_wconf 78' lang='lat' dir='ltr'><strong>praeterea</strong></span> <span class='ocrx_word' id='word_1_112' title='bbox 2446 2687 2626 2732; x_wconf 83' lang='lat' dir='ltr'><strong>secu-</strong></span> 
     </span>
     <span class='ocr_line' id='line_1_16' title="bbox 546 2806 2628 2907; baseline -0.001 -31"><span class='ocrx_word' id='word_1_113' title='bbox 546 2809 708 2877; x_wconf 88' lang='lat' dir='ltr'><strong>ritas</strong></span> <span class='ocrx_word' id='word_1_114' title='bbox 754 2809 1135 2902; x_wconf 63' lang='lat' dir='ltr'><strong>quaerendi,</strong></span> <span class='ocrx_word' id='word_1_115' title='bbox 1182 2811 1378 2907; x_wconf 79' lang='lat' dir='ltr'><strong>obvia</strong></span> <span class='ocrx_word' id='word_1_116' title='bbox 1420 2810 1836 2880; x_wconf 88' lang='lat' dir='ltr'><strong>medicorum</strong></span> <span class='ocrx_word' id='word_1_117' title='bbox 1885 2812 2103 2879; x_wconf 84' lang='lat' dir='ltr'><strong>turba.</strong></span> <span class='ocrx_word' id='word_1_118' title='bbox 2146 2806 2383 2878; x_wconf 80' lang='lat' dir='ltr'><strong>Mul‘tis</strong></span> <span class='ocrx_word' id='word_1_119' title='bbox 2436 2808 2628 2876; x_wconf 87' lang='lat' dir='ltr'><strong>etiam</strong></span> 
     </span>
     <span class='ocr_line' id='line_1_17' title="bbox 546 2940 2628 3049; baseline -0.003 -28"><span class='ocrx_word' id='word_1_120' title='bbox 546 2955 836 3022; x_wconf 84' lang='lat' dir='ltr'><strong>inventis</strong></span> <span class='ocrx_word' id='word_1_121' title='bbox 880 2940 1157 3022; x_wconf 74' lang='lat' dir='ltr'><strong>nomina</strong></span> <span class='ocrx_word' id='word_1_122' title='bbox 1194 2954 1473 3039; x_wconf 85' lang='lat' dir='ltr'><strong>desunt,</strong></span> <span class='ocrx_word' id='word_1_123' title='bbox 1527 2957 1697 3025; x_wconf 90' lang='lat' dir='ltr'><strong>sicut</strong></span> <span class='ocrx_word' id='word_1_124' title='bbox 1740 2954 1872 3042; x_wconf 85' lang='lat' dir='ltr'><strong>illi,</strong></span> <span class='ocrx_word' id='word_1_125' title='bbox 1921 2980 2123 3049; x_wconf 87' lang='lat' dir='ltr'><strong>quam</strong></span> <span class='ocrx_word' id='word_1_126' title='bbox 2171 2951 2523 3022; x_wconf 84' lang='lat' dir='ltr'><strong>retulimus</strong></span> <span class='ocrx_word' id='word_1_127' title='bbox 2570 2952 2628 3016; x_wconf 90' lang='lat' dir='ltr'><strong>in</strong></span> 
     </span>
     <span class='ocr_line' id='line_1_18' title="bbox 545 3068 2631 3208; baseline -0.002 -40"><span class='ocrx_word' id='word_1_128' title='bbox 545 3068 1029 3193; x_wconf 33' lang='lat' dir='ltr'><strong>frugum-cura</strong></span> <span class='ocrx_word' id='word_1_129' title='bbox 1058 3152 1077 3187; x_wconf 90' lang='lat'><strong>,</strong></span> <span class='ocrx_word' id='word_1_130' title='bbox 1125 3099 1507 3208; x_wconf 67' lang='lat' dir='ltr'><strong>⁴scimusque</strong></span> <span class='ocrx_word' id='word_1_131' title='bbox 1565 3099 1891 3170; x_wconf 83' lang='lat' dir='ltr'><strong>defossam</strong></span> <span class='ocrx_word' id='word_1_132' title='bbox 1952 3102 2021 3167; x_wconf 88' lang='lat' dir='ltr'><strong>in</strong></span> <span class='ocrx_word' id='word_1_133' title='bbox 2078 3097 2340 3195; x_wconf 86' lang='lat' dir='ltr'><strong>angulis</strong></span> <span class='ocrx_word' id='word_1_134' title='bbox 2403 3097 2631 3192; x_wconf 84' lang='lat' dir='ltr'><strong>segetis</strong></span> 
     </span>
     <span class='ocr_line' id='line_1_19' title="bbox 549 3244 2629 3340; baseline -0.002 -26"><span class='ocrx_word' id='word_1_135' title='bbox 549 3261 860 3340; x_wconf 80' lang='lat' dir='ltr'><strong>praestare</strong></span> <span class='ocrx_word' id='word_1_136' title='bbox 878 3250 910 3330; x_wconf 86' lang='lat'><strong>‚&#39;</strong></span> <span class='ocrx_word' id='word_1_137' title='bbox 931 3270 1017 3314; x_wconf 89' lang='lat' dir='ltr'><strong>ne</strong></span> <span class='ocrx_word' id='word_1_138' title='bbox 1051 3271 1185 3339; x_wconf 85' lang='lat' dir='ltr'><strong>qua</strong></span> <span class='ocrx_word' id='word_1_139' title='bbox 1215 3244 1350 3315; x_wconf 91' lang='lat' dir='ltr'><strong>ales</strong></span> <span class='ocrx_word' id='word_1_140' title='bbox 1389 3248 1611 3315; x_wconf 87' lang='lat' dir='ltr'><strong>intret.</strong></span> <span class='ocrx_word' id='word_1_141' title='bbox 1636 3247 2049 3340; x_wconf 89' lang='lat' dir='ltr'><strong>Turpissima</strong></span> <span class='ocrx_word' id='word_1_142' title='bbox 2082 3270 2279 3314; x_wconf 84' lang='lat' dir='ltr'><strong>causa</strong></span> <span class='ocrx_word' id='word_1_143' title='bbox 2314 3245 2629 3327; x_wconf 59' lang='lat' dir='ltr'><strong>ramath,</strong></span> 
     </span>
     <span class='ocr_line' id='line_1_20' title="bbox 547 3388 2630 3484; baseline -0.003 -26"><span class='ocrx_word' id='word_1_144' title='bbox 547 3390 731 3483; x_wconf 88' lang='lat' dir='ltr'><strong>quod</strong></span> <span class='ocrx_word' id='word_1_145' title='bbox 772 3391 970 3458; x_wconf 85' lang='lat' dir='ltr'><strong>etiam</strong></span> <span class='ocrx_word' id='word_1_146' title='bbox 1009 3392 1126 3484; x_wconf 88' lang='lat' dir='ltr'><strong>qui</strong></span> <span class='ocrx_word' id='word_1_147' title='bbox 1170 3392 1431 3477; x_wconf 89' lang='lat' dir='ltr'><strong>sciunt,</strong></span> <span class='ocrx_word' id='word_1_148' title='bbox 1471 3390 1926 3459; x_wconf 87' lang='lat' dir='ltr'><strong>demonstra-re</strong></span> <span class='ocrx_word' id='word_1_149' title='bbox 1968 3388 2206 3458; x_wconf 84' lang='lat' dir='ltr'><strong>nolunt</strong></span> <span class='ocrx_word' id='word_1_150' title='bbox 2231 3442 2248 3475; x_wconf 90' lang='lat'>‚</span> <span class='ocrx_word' id='word_1_151' title='bbox 2295 3403 2630 3481; x_wconf 87' lang='lat' dir='ltr'><strong>tamquam</strong></span> 
     </span>
     <span class='ocr_line' id='line_1_21' title="bbox 549 3518 2629 3630; baseline -0.003 -28"><span class='ocrx_word' id='word_1_152' title='bbox 549 3535 707 3630; x_wconf 89' lang='lat' dir='ltr'><strong>ipsis</strong></span> <span class='ocrx_word' id='word_1_153' title='bbox 736 3518 1110 3629; x_wconf 84' lang='lat' dir='ltr'><strong>periturum</strong></span> <span class='ocrx_word' id='word_1_154' title='bbox 1142 3532 1261 3619; x_wconf 74' lang='lat' dir='ltr'><strong>sit,</strong></span> <span class='ocrx_word' id='word_1_155' title='bbox 1300 3535 1485 3628; x_wconf 86' lang='lat' dir='ltr'><strong>quod</strong></span> <span class='ocrx_word' id='word_1_156' title='bbox 1523 3520 1919 3604; x_wconf 83' lang='lat' dir='ltr'><strong>tradiderint</strong></span> <span class='ocrx_word' id='word_1_157' title='bbox 1959 3529 2125 3604; x_wconf 80' lang='lat' dir='ltr'><strong>aliis,</strong></span> <span class='ocrx_word' id='word_1_158' title='bbox 2158 3533 2434 3603; x_wconf 86' lang='lat' dir='ltr'><strong>Accedit</strong></span> <span class='ocrx_word' id='word_1_159' title='bbox 2470 3533 2629 3601; x_wconf 84' lang='lat' dir='ltr'><strong>ratio</strong></span> 
     </span>
     <span class='ocr_line' id='line_1_22' title="bbox 550 3652 2629 3777; baseline -0.001 -28"><span class='ocrx_word' id='word_1_160' title='bbox 550 3683 950 3750; x_wconf 87' lang='lat' dir='ltr'><strong>inventionis</strong></span> <span class='ocrx_word' id='word_1_161' title='bbox 990 3706 1254 3774; x_wconf 55' lang='lat' dir='ltr'><strong>anceps,</strong></span> <span class='ocrx_word' id='word_1_162' title='bbox 1301 3683 1573 3777; x_wconf 84' lang='lat' dir='ltr'><strong>Quippe</strong></span> <span class='ocrx_word' id='word_1_163' title='bbox 1611 3683 1808 3751; x_wconf 88' lang='lat' dir='ltr'><strong>etiam</strong></span> <span class='ocrx_word' id='word_1_164' title='bbox 1854 3683 1923 3750; x_wconf 87' lang='lat' dir='ltr'><strong>in</strong></span> <span class='ocrx_word' id='word_1_165' title='bbox 1966 3682 2286 3775; x_wconf 80' lang='lat' dir='ltr'><strong>repertiS,</strong></span> <span class='ocrx_word' id='word_1_166' title='bbox 2332 3652 2496 3748; x_wconf 80' lang='lat' dir='ltr'><strong>alias</strong></span> <span class='ocrx_word' id='word_1_167' title='bbox 2536 3680 2629 3745; x_wconf 88' lang='lat' dir='ltr'><strong>in·</strong></span> 
     </span>
    </p>
   </div>
   <div class='ocr_carea' id='block_1_7' title="bbox 552 3825 2131 3922">
    <p class='ocr_par' dir='ltr' id='par_1_7' title="bbox 552 3825 2131 3922">
     <span class='ocr_line' id='line_1_23' title="bbox 552 3825 2131 3922; baseline -0.003 -25"><span class='ocrx_word' id='word_1_168' title='bbox 552 3831 732 3904; x_wconf 87' lang='lat' dir='ltr'><strong>venit</strong></span> <span class='ocrx_word' id='word_1_169' title='bbox 766 3852 993 3914; x_wconf 82' lang='lat' dir='ltr'><strong>casus,</strong></span> <span class='ocrx_word' id='word_1_170' title='bbox 1034 3825 1192 3895; x_wconf 84' lang='lat' dir='ltr'><strong>alias</strong></span> <span class='ocrx_word' id='word_1_171' title='bbox 1226 3825 1343 3922; x_wconf 84' lang='lat' dir='ltr'><strong>(ut</strong></span> <span class='ocrx_word' id='word_1_172' title='bbox 1391 3853 1542 3896; x_wconf 80' lang='lat' dir='ltr'><strong>vere</strong></span> <span class='ocrx_word' id='word_1_173' title='bbox 1566 3827 1910 3915; x_wconf 79' lang='lat' dir='ltr'><strong>dixerim)</strong></span> <span class='ocrx_word' id='word_1_174' title='bbox 1949 3827 2131 3895; x_wconf 77' lang='lat' dir='ltr'><strong>deus,</strong></span> 
     </span>
    </p>
   </div>
  </div>
 </body>
</html>
