2846 4869
466 370 475 381 '
562 393 673 460 asa
984 397 1048 453 e.
1091 396 1321 455 rum
1359 396 1557 455 msT.
1598 399 1774 459 NAT.
1818 401 1960 458 Lm.
2001 403 2186 461 xxv.

560 525 845 597 sordidis
880 525 1058 598 foliis
1084 578 1104 615 ,
1160 526 1512 599 latioribus
1546 530 2102 626 densior-ihusque
2146 531 2322 603 circa
2357 533 2646 604 radicem

564 669 748 740 velut
800 670 1072 742 oculum
1112 674 1537 768 cingentibus
1563 726 1583 763 ,
1620 676 1968 773 asperrimi
2017 691 2249 772 gustus
2278 732 2297 765 ,
2347 675 2646 774 longiore

560 815 749 887 caule
775 870 795 903 ,
835 817 951 887 sed
984 818 1358 915 pergracili.
1395 821 1578 889 Usus
1618 820 1761 914 ejus
1801 819 1885 891 ad
1916 820 2146 892 eadem
2169 873 2189 909 ,
2226 848 2376 917 quae
2413 823 2555 895 iris.

557 1086 802 1145 Aizoum
828 1088 1032 1163 majus,
1064 1088 1183 1145 sive
1209 1088 1653 1162 buphthalmon,
1684 1089 1805 1146 sive
1828 1091 2314 1166 zoophthalmon,
2349 1091 2474 1148 sive
2504 1102 2644 1149 ster-

640 1186 905 1260 gethron,
930 1184 1050 1240 sive
1073 1184 1426 1254 ambrosion,
1444 1183 1564 1240 sive
1581 1185 1960 1257 amerisnnon,
1978 1194 2109 1261 quae'
2129 1185 2328 1242 sedum
2354 1204 2649 1262 mag-num,

635 1291 743 1353 aut*
759 1282 978 1352 oculuS,
1011 1291 1108 1336 aut
1134 1279 1423 1356 digitellus
1438 1321 1458 1350 ‚
1484 1281 1779 1339 medicinae
1805 1300 1970 1338 xxx1.
2007 1282 2255 1339 Aizoum
2279 1282 2499 1354 minus,
2531 1283 2646 1340 sive
2791 1230 2792 1315 1

635 1376 900 1434 erithales
914 1418 932 1447 ‚
980 1376 1100 1434 sive
1138 1377 1395 1434 trithales
1409 1420 1429 1449 ,
1483 1377 1603 1434 sive
1645 1379 2027 1455 chrysothales
2042 1420 2059 1450 ,
2102 1397 2229 1453 quae
2265 1378 2473 1436 isoetes
2491 1421 2513 1450 ,
2553 1390 2643 1436 aut
2791 1396 2792 1471 χ

632 1473 829 1529 sedum
842 1514 861 1544 ,
896 1491 1085 1530 xxxu.

556 1698 561 1707 ·
651 1669 795 1738 CII.
831 1668 1020 1740 Aizoi
1053 1668 1191 1739 duo
1227 1695 1492 1765 genera.
1522 1671 1746 1765 Majus
1773 1669 1842 1741 in
1877 1666 2195 1741 fictilibus
2226 1667 2519 1739 vasculis
2551 1696 2644 1741 sc·

554 1814 763 1902 ritur,
792 1815 972 1908 quod
1001 1813 1210 1908 aliqui
1244 1814 1763 1910 buphthalmum
1792 1828 2072 1902 vocant,
2104 1812 2216 1883 alii
2250 1812 2642 1908 zoophthal-

554 1984 711 2028 mon
733 2010 754 2048 ,
782 1957 913 2065 *alii
946 1961 1374 2057 stergethron
1394 2013 1413 2050 ,
1458 1958 1644 2054 quod
1699 1960 2039 2028 amatoriis
2077 1961 2482 2028 conveniat:
2536 1957 2640 2027 alii

554 2104 977 2197 hypogeson,
1019 2104 1338 2196 quoniam
1370 2106 1441 2172 in
1475 2104 1903 2200 subgrundiis
1936 2103 2073 2173 fere
2108 2104 2426 2174 nascitur.
2475 2106 2640 2172 Sunt
2691 2142 2694 2149 ·

556 2247 675 2337 qui
710 2245 1110 2315 ambrosiam
1145 2248 1371 2341 potius
1397 2210 1644 2317 vocant
1667 2300 1688 2336 ,
1724 2262 1792 2317 et
1831 2248 1949 2342 qui
1984 2248 2405 2317 amerimnon
2441 2274 2459 2316 τ
2497 2246 2636 2319 Itali

556 2387 787 2462 sedum
822 2414 1194 2516 magnum,
1231 2400 1348 2462 a'ut
1385 2390 1698 2478 oculum,
1736 2407 1855 2462 aut
1890 2390 2289 2487 digitellum.
2332 2390 2633 2462 Alterum

462 2547 466 2554 '
552 2534 1037 2620 minusculum,
1071 2536 1251 2631 quod
1283 2534 1593 2607 erithales
1626 2551 1900 2625 vocant,
1932 2536 2040 2606 alii
2089 2511 2397 2648 trithales
2425 2587 2446 2625 ,
2485 2537 2633 2629 quia

554 2696 656 2750 ter
690 2678 967 2751 floreat:
1001 2680 1114 2750 alii
1145 2681 1636 2777 chrysothaleS,
1666 2681 1873 2777 aliqui
1902 2683 2182 2752 isoetes.
2218 2643 2336 2751 sed
2377 2683 2631 2752 aizoum

554 2842 947 2919 utrumque,
987 2828 1304 2919 quoniam
1333 2829 1508 2897 viret
1548 2852 1842 2921 semper,
1878 2825 2084 2920 aliqui
2122 2827 2629 2920 sempervivum.

553 2971 779 3064 Majus
812 2971 1021 3039 cubiti
1053 2969 1472 3074 altitudinem
1499 2970 1786 3059 excedit,
1818 2970 2253 3040 crassitudine
2283 2971 2630 3065 plusquam

554 3113 875 3209 pollicari.
920 3113 1107 3183 Folia
1147 3115 1491 3184 cacumine
1529 3112 1772 3211 linguae
1807 3110 2081 3203 similia,
2123 3139 2406 3185 carnosa
2434 3168 2455 3204 ‚
2489 3116 2628 3208 pin·

557 3260 752 3353 guia,
797 3256 986 3355 larga
1032 3285 1234 3354 succo
1259 3310 1278 3347 ,
1316 3257 1671 3329 latitudine
1711 3257 2058 3355 pollicari,
2102 3258 2231 3328 alia
2270 3261 2342 3328 in
2401 3273 2632 3329 terram

553 3425 845 3469 convexa
868 3454 887 3489 ,
927 3400 1053 3471 alia
1090 3404 1331 3472 stantia
1356 3454 1374 3491 ,
1416 3407 1511 3471 ita
1561 3417 1638 3471 ut
1676 3402 1929 3473 ambitu
1968 3402 2256 3499 effigiem
2293 3404 2630 3473 imitentur

547 3523 742 3614 oculi.

650 3910 857 4003 Quod
913 3910 1135 3979 minus
1176 3926 1276 3979 est
1300 3962 1319 3997 ,
1379 3913 1449 3980 in
1505 3914 1712 3981 muris
1773 3912 2245 4007 parietinisque
2303 3914 2631 3997 nascitur,

551 4070 620 4126 et
656 4055 893 4152 tegulis
930 4085 946 4127 :
980 4056 1393 4127 fruticosum
1433 4083 1474 4127 a
1520 4056 1740 4128 radice
1765 4109 1785 4144 ,
1843 4071 1909 4127 et
1946 4057 2258 4129 foliosum
2303 4081 2507 4155 usque
2543 4056 2628 4126 ad
