2846 4869
450 390 454 394 ⁴
524 416 640 469 272
960 397 1022 451 C.
1065 396 1299 454 PLINII
1342 397 1537 454 HIST.
1584 399 1756 454 NAT.
1803 399 1943 456 LIB.
1973 392 2156 453 XXV.

530 522 917 593 vulneribus
951 522 1355 609 mederetur,
1391 547 1539 617 quae
1574 525 1659 593 ob
1695 495 1764 592 id
1800 521 2117 592 achilleos
2150 536 2446 591 vocatur.
2478 525 2613 591 Hac

492 753 495 758 μ
533 653 791 740 sanasse
831 665 1199 762 Telephum
1236 668 1500 737 dicitur.
1532 666 1664 737 Alii
1698 669 1994 764 p'rimum
2031 668 2394 763 aeruginem
2436 668 2613 735 inve-

532 813 738 901 nisse,
762 810 1185 882 utilissimam
1214 812 1624 908 emplastriS‚
1651 810 1932 908 ideoque
1953 815 2257 909 pingitur
2281 838 2321 881 a
2350 811 2616 912 cuspide

533 954 872 1026 decutiens
928 979 1075 1023 eam
1134 953 1356 1050 gladio
1404 956 1473 1022 in
1521 954 1766 1024 vulnus
1816 954 2114 1050 Telephi.
2158 954 2292 1026 Alii
2331 921 2619 1046 *utroque

530 1104 737 1168 ‚us'mn
765 1096 1251 1170 medicamento
1285 1073 1541 1167 volunt.
1576 1096 1804 1192 Aliqui
1837 1111 1903 1167 et
1935 1098 2109 1167 hanc
2148 1123 2464 1192 panacem
2504 1098 2608 1168 he-

528 1241 835 1331 racleon,
876 1239 988 1311 alii
1032 1242 1366 1334 sideritin,
1412 1205 1481 1311 et
1522 1244 1703 1339 apud
1743 1266 1866 1311 nos
1895 1231 2315 1330 ‚millefoliam
2349 1258 2615 1327 vocant,

536 1387 811 1458 cubitali
862 1413 1102 1483 scapo,
1160 1414 1535 1478 ramosam,
1582 1388 2059 1459 minutioribus
2112 1414 2311 1484 quam
2357 1388 2617 1460 feniculi

536 1530 714 1616 foliis
746 1533 1052 1602 vestitam
1096 1533 1179 1604 ab
1219 1535 1379 1606 imo.
1420 1531 1552 1606 Alii
1595 1532 1888 1604 fatentur
1933 1531 2208 1626 quidem
2249 1532 2433 1602 illam
2473 1532 2617 1603 ‘vul—

538 1678 808 1750 neribus
846 1676 1109 1762 utilem,
1146 1677 1261 1745 sed
1298 1699 1525 1745 veram
1559 1675 1887 1746 achilleon
1925 1702 2065 1746 esse
2116 1702 2318 1771 scapo
2351 1676 2617 1746 caeruleo

537 1822 801 1918 pedali,
837 1824 979 1893 sine
1019 1824 1221 1891 ramis
1244 1875 1262 1910 ‚
1301 1848 1380 1891 ex
1419 1827 1603 1892 omni
1644 1822 2154 1918 partesingulis
2188 1821 2361 1892 foliis
2399 1840 2616 1893 rotun·

544 1966 644 2034 dis
694 1964 1035 2061 eleganter
1089 1947 1417 2068 vestitam.
1454 1933 1602 2038 'Alii
1657 1967 1994 2062 quadrato*
2043 1966 2272 2057 caule,
2325 1939 2616 2064 capitulis

541 2111 908 2200 marrubii,
950 2108 1112 2181 folio
1163 2134 1471 2203 quercus.
1524 2113 1717 2181 Hanc
1739 2145 1748 2152 ¹
1770 2112 1971 2181 etiam
2011 2114 2331 2206 praecisos
2373 2135 2615 2182 ner-vos

543 2255 880 2350 glutinare
907 2254 1180 2325 faciunt.

546 2850 555 2863 ⁴
645 2812 779 2883 Alii
824 2815 1124 2885 sideritin
1160 2818 1245 2885 in·
1275 2819 1581 2887 maceriis
1622 2830 2292 2912 nascentem,·quum
2349 2833 2616 2902 teratur,

548 2959 708 3027 foedi
764 2959 1009 3029 odoris.
1060 2962 1445 3031 Etiamnum
1498 2946 1697 3032 aliam
1747 2958 2027 3032 similem
2080 2963 2279 3051 huie,
2328 2962 2442 3031 s'ed
2479 2987 2616 3031 can·

547 3073 918 3174 didioribu's
951 3076 1124 3174 foliis
1161 3123 1228 3176 et
1270 3109 1735 3203 pinguioribus
1757 3160 1777 3196 ‚
1814 3105 2615 3207 tenuioribuspcauliculiS,

552 3251 624 3317 in
653 3250 868 3321 vineis
904 3267 1302 3323 nascentem.
1337 3251 1558 3325 Aliam
1592 3278 1750 3323 vero
1780 3253 2016 3323 binum
2048 3254 2475 3341 cubitorum,
2528 3276 2621 3319 ra-

555 3393 1079 3466 mulisexilibus
1102 3442 1123 3484 -,
1159 3397 1548 3492 triangulis,-
1587 3396 1748 3467 folio
1784 3398 1974 3468 filicis
1996 3454 2014 3485 ,
2051 3399 2359 3494 pediculo
2402 3396 2619 3494 longO,

552 3537 721 3605 betae
752 3536 1036 3629 semine,
1076 3566 1304 3611 omnes
1338 3542 1730 3612 vulneribus
1768 3532 2154 3638 praecipuas.
2184 3546 2421 3615 Nostri
2456 3568 2621 3629 eam,

552 3708 700 3777 quae
738 3699 836 3752 est
873 3683 1193 3754 latissimo
1240 3686 1442 3777 folio,
1486 3713 1716 3782 scopas
1763 3689 1978 3783 regias
2032 3704 2293 3759 vocant.
2333 3689 2623 3759 Medetur

558 3829 817 3922 anginis
858 3854 1075 3898 suu-m.
