2846 4869
450 359 564 418 312
867 361 931 419 C.
971 364 1227 419 PLINII·
1251 363 1445 420 HIST.
1490 365 1661 420 NAT.
1704 366 1849 421 LIB.
1887 366 2075 421 XXV.

453 494 651 560 Creta
687 504 908 559 autem
951 516 1089 559 non
1129 492 1414 586 spatiose
1447 492 1742 559 nascitur
1779 518 1794 559 ε
1841 492 2138 583 mireque
2178 492 2393 584 capris
2434 515 2544 557 ex-

452 635 722 728 petitur.
753 637 885 703 Pro
915 609 994 703 eo
1023 650 1124 703 est
1151 650 1215 734 et
1246 607 1954 729 pseudodictamnum,
1984 632 2211 703 multis
2240 635 2311 702 in
2348 636 2539 703 terris

456 771 772 863 nascenS‚
811 775 970 846 folio
1011 776 1260 864 simile,
1301 778 1574 847 ramulis
1620 779 2026 867 minoribuS,
2068 803 2108 846 a
2145 776 2543 872 quibusdam

457 920 778 990 chondris
830 936 1153 990 vocatum.
1195 922 1485 990 Minoris
1531 921 1804 990 effectus
1852 925 2076 991 statim
2129 917 2544 1016 intelligitur.

458 1066 896 1137 Dictamnum
934 1068 1113 1135 enim
1149 1068 1429 1136 minima
1469 1068 1780 1161 portione
1817 1066 2119 1136 accendit
2156 1092 2250 1135 os,
2293 1066 2437 1155 Qui
2466 1065 2549 1135 le-

460 1235 615 1305 gere
638 1235 819 1298 eam,
849 1211 919 1278 in
950 1209 1163 1280 ferula
1196 1211 1301 1280 vel
1334 1211 1661 1307 arundine
1686 1212 2015 1298 condunt,
2043 1210 2547 1306 praeligantque‚

460 1381 548 1425 ne
589 1356 887 1449 potentia
925 1372 1295 1426 evanescat.
1330 1360 1506 1426 Sunt
1535 1357 1649 1450 qui
1682 1356 1941 1441 dicant,
1976 1370 2333 1449 utramque
2368 1357 2559 1460 nasci.

461 1498 939 1604 multifariam,
980 1500 1094 1570 sed
1136 1501 1494 1570 deteriores
1543 1502 1613 1569 in
1657 1502 1834 1595 agris
1871 1500 2234 1594 pinguibus
2268 1524 2549 1597 {veram

340 1669 359 1686 ·
462 1645 741 1738 quidem'
779 1645 1193 1749 dictamnum
1240 1672 1377 1750 non
1412 1630 1542 1715 nisi
1590 1649 1659 1715 in
1698 1647 1973 1739 asperis.
2020 1649 2139 1714 Est
2177 1659 2246 1713 et
2282 1646 2550 1713 tertium

465 1814 675 1885 genus
735 1789 1144 1859 dictamnum
1209 1789 1564 1884 vocatum,
1622 1790 1737 1859 sed
1793 1805 2013 1884 neque
2067 1789 2235 1857 facie
2261 1841 2281 1878 ,
2341 1813 2555 1882 neque

463 1935 710 2005 effectu
752 1933 1001 2031 simile,
1038 1932 1201 2004 folio
1239 1924 1604 2028 sisymbrii,
1638 1937 1839 2003 ramis
1877 1934 2279 2028 majoribu8‚
2317 1959 2552 2028 praece-

466 2078 666 2147 dente
699 2079 1131 2172 persuasione
1168 2049 1327 2165 illa,'
1364 2077 1694 2170 quidquid
1729 2078 1797 2145 in
1840 2075 2038 2146 Creta
2081 2077 2549 2176 nascitursin-

468 2224 663 2290 finito
721 2237 1033 2315 praestare
1086 2223 1321 2291 ceteris
1373 2221 1671 2316 ejusdem
1720 2224 1979 2318 generis
2036 2221 2192 2291 alibi
2251 2223 2490 2317 genitis
2529 2248 2550 2289 z

470 2367 776 2461 proxime
817 2365 998 2460 quod
1036 2368 1107 2433 in
1153 2368 1500 2436 Parnasso,

578 3299 849 3392 Alioqui
891 3299 1296 3368 herbiferum
1340 3323 1477 3366 esse
1513 3291 1579 3366 et
1616 3296 1869 3367 Pelium
1910 3313 2205 3366 montem
2251 3299 2322 3366 in
2358 3298 2555 3367 Thes-

482 3444 674 3533 salia,
712 3462 780 3514 et
806 3445 1218 3532 Telethrium
1269 3449 1337 3515 in
1374 3447 1663 3536 Euboea,
1710 3463 1778 3516 et
1833 3461 2041 3516 totam
2076 3430 2439 3533 Arcadiam
2486 3470 2556 3512 ac

480 3596 886 3664 Laconicam
921 3596 1214 3679 tradunt.
1235 3574 1523 3665 Arcades
1556 3596 1825 3689 quidem
1853 3622 1989 3664 non
2019 3596 2557 3665 medicaminibus

481 3749 622 3832 uti,
662 3746 779 3849 sed
821 3744 993 3814 lacte
1029 3746 1202 3814 circa
1244 3771 1398 3831 ver,
1451 3746 1770 3838 quoniam
1815 3760 1978 3817 tunc
2030 3745 2317 3812 maxime
2359 3742 2558 3813 succis
2635 3795 2639 3802 .

481 3895 704 3965 herbae
739 3908 1051 3989 turgeant
1075 3944 1095 3983 ‚
1143 3892 1691 3996 medicenturque
1737 3895 1940 3962 ubera
1991 3895 2274 3986 pascuis.
2322 3893 2554 3987 Bibunt

431 4137 434 4141 .
485 4059 708 4117 autem
759 4046 1108 4114 vaccinum
1130 4094 1149 4132 ‚
1197 4044 1514 4138 quoniam
1562 4043 1761 4113 hoves
1813 4030 2177 4112 omniirorae
2229 4043 2366 4111 fere
2409 4052 2552 4109 sunt
