2846 4869
516 397 631 469 370
952 397 1016 454 C.
1061 398 1294 455 PLINII
1334 398 1530 454 HIST.
1573 399 1742 454 NAT.
1786 399 1928 454 LIB.
1959 399 2143 454 XXV.

515 504 707 592 radis:
746 521 1144 618 decoquitur
1177 527 1249 593 in
1287 526 1447 593 vino
1484 524 1573 594 ad
1609 521 1997 594 colluendos
2036 523 2287 592 dentes.
2329 524 2423 590 Et
2459 520 2623 613 hys-

516 690 683 760 sopo
720 663 1131 745 colluuntur.
1164 683 1231 737 et
1269 666 1640 765 peucedani
1671 683 1901 755 succo,
1933 691 2088 736 cum
2122 665 2467 735 meconio:
2507 661 2618 731 vel

513 809 818 882 radicum
850 802 1244 907 anagallidis
1277 814 1491 909 magis
1524 801 1783 883 feminae
1815 834 2041 902 succo,
2074 812 2158 880 ab
2187 809 2395 879 altera
2424 832 2615 897 nare,

515 979 717 1051 quam
757 955 981 1026 doleat
1006 1008 1027 1044 ,
1072 957 1313 1027 infuso.

632 1226 915 1303 Erigeron
929 1267 946 1298 ‚
978 1227 1098 1283 sive
1129 1245 1353 1303 pappos
1372 1267 1389 1298 ‚
1417 1225 1537 1284 sive
1569 1226 1824 1283 acanthis
1840 1266 1857 1298 ,
1895 1245 2021 1302 quae
2054 1226 2276 1284 senecio
2292 1266 2311 1295 ‚
2339 1244 2409 1281 νι
2417 1244 2490 1282 11.

610 1422 788 1490 CVI.
823 1419 1148 1515 Erigeron
1178 1444 1218 1488 a
1239 1420 1483 1490 nostris
1510 1433 1791 1490 vocatur
1817 1420 2100 1489 senecio.
2130 1422 2320 1488 Hanc
2346 1418 2405 1488 si
2432 1418 2610 1487 ferro

486 1563 1090 1657 ‘circumscriptam
1132 1561 1408 1633 effodiat
1450 1560 1692 1658 aliquis
1719 1615 1738 1650 ‚
1771 1577 2135 1658 tangatque
2169 1588 2247 1633 ea
2293 1561 2563 1632 dentem
2590 1614 2608 1651 ‚

511 1726 577 1781 et
608 1708 880 1781 alternis
930 1726 1033 1781 ter
1082 1710 1403 1805 despuat,
1447 1736 1524 1781 ac
1555 1725 1838 1805 reponat
1879 1711 1947 1778 in
1991 1709 2304 1778 eumdem
2348 1685 2608 1792 locum,

513 1857 607 1927 ita
654 1870 731 1925 ut
774 1858 958 1926 vivat
996 1856 1203 1927 herba
1224 1907 1245 1945 ‚
1280 1856 1473 1926 aiunt
1510 1856 1777 1926 dentem
1813 1879 1967 1924 eum
1996 1871 2228 1950 postea
2259 1880 2403 1924 non
2437 1855 2605 1923 doli-

513 2016 763 2075 turum.
795 2002 1020 2072 Herba
1044 2016 1151 2099 ·est
1182 2000 1533 2097 trixaginis
1570 2002 1788 2095 specie
1824 1986 1891 2069 et
1918 1997 2224 2087 mollitia,
2262 1997 2606 2070 cauliculis

512 2143 1054 2216 subrubicundiS.
1081 2143 1404 2216 Nascitur
1428 2160 1497 2214 et
1525 2145 1595 2213 in
1622 2143 1883 2241 teguliS,
1906 2152 1973 2214 et
1997 2145 2064 2213 in
2088 2145 2318 2213 muriS.
2340 2147 2602 2215 Nomen

510 2291 641 2360 hoc
677 2289 895 2358 Graeci
933 2286 1284 2378 dederunt,
1312 2291 1471 2384 quia
1508 2314 1665 2360 vere
1696 2290 2005 2359 canescit.
2043 2289 2266 2382 Caput
2298 2289 2446 2383 ejus
2479 2315 2598 2359 nu-

511 2457 773 2503 merosa
818 2430 1143 2502 dividitur
1186 2431 1502 2528 lanugine
1533 2430 1830 2528 (qualisi
1855 2448 1956 2503 est
2004 2432 2260 2529 spinae)
2299 2434 2477 2503 inter
2513 2433 2601 2501 di-

512 2558 772 2648 visuras
806 2593 1114 2650 exeunte.
1149 2577 1380 2666 Quare
1420 2576 1570 2647 eam
1610 2576 2059 2648 Callimachus
2096 2578 2459 2649 acanthida
2494 2605 2597 2674 ap·

402 2753 405 2756 ’
513 2719 758 2818 pellat,
809 2695 922 2791 alii
956 2746 1274 2817 pappum.
1332 2719 1750 2792 Nec-deinde
1784 2712 2035 2792 Graecis
2074 2720 2156 2789 de
2193 2747 2268 2791 ea
2322 2735 2594 2794 constat.

510 2867 892 2962 Aliilerucae
928 2864 1105 2936 foliis
1141 2890 1282 2944 esse
1318 2865 1635 2937 dixerunt
1665 2917 1685 2954 ,
1728 2864 1844 2934 alii
1880 2866 2175 2954 roboris,
2229 2865 2346 2935 sed
2397 2869 2597 2936 mino-

510 3010 696 3102 ribus
735 3008 971 3079 multo.
981 3031 1006 3098 ’ξ
1032 3007 1285 3079 Radice
1325 3007 1439 3077 alii
1476 3032 1886 3103 supervacua
1908 3059 1927 3097 ,
1973 3005 2088 3078 alii
2137 3011 2360 3078 nervis
2414 3010 2596 3099 utili,

512 3152 627 3226 alii
661 3171 832 3252 potu
889 3153 1367 3249 strangulante.
1419 3157 1478 3223 E
1530 3131 1794 3223 diverso
1835 3152 2108 3248 quidam
2124 3141 2335 3249 'regio
2369 3157 2597 3226 morbo

511 3323 669 3369 cum
704 3299 865 3368 vino
895 3296 1223 3368 dederunt
1249 3350 1269 3384 ‚
1298 3312 1365 3366 et
1402 3313 1640 3367 contra
1678 3297 1902 3367 omnia
1929 3299 2163 3367 vesicae
2200 3298 2367 3367 vitia
2394 3326 2411 3367 ε
2451 3301 2597 3369 item

513 3445 732 3515 cordis
770 3458 839 3512 et
864 3443 1200 3538 jocineriS.
1241 3444 1544 3513 Renibus
1586 3444 1931 3513 extrahere
1965 3468 2236 3513 arenam
2269 3443 2523 3515 dixere.-

606 3907 991 3978 Ischiadicis
1019 3908 1407 3980 drachmam
1440 3933 1593 3982 cum
1640 3911 1990 4008 oxymelite
2025 3913 2111 3981 ab
2149 3910 2589 3982 ambulatione

511 4047 995 4140 propinavere:
1043 4049 1450 4124 torminibus
1489 4076 1755 4147 quoque
1789 4053 1857 4121 in
1894 4075 2089 4147 passo
2129 4049 2580 4121 utilissimam:
