2846 4869
509 406 622 470 24'4
958 399 1020 459 C.
1062 401 1233 460 PLIN
1236 396 1291 458 11
1335 394 1530 459 HIST.
1573 393 1743 460 NAT.
1789 393 1928 457 LIB.
1956 400 2139 456 XXV.

508 532 823 598 Lenaeum
850 581 867 616 ,
905 530 1352 624 grammaticae
1386 527 1586 622 artis}‚
1620 529 1817 622 jussit
1851 554 1865 595 ε
1901 529 2185 621 vitaeque
2221 528 2311 595 ita
2352 525 2593 620 profuit

510 698 645 742 non
684 675 906 744 minus
929 726 948 763 ,
987 697 1192 767 quam
1230 670 1614 766 reipublicae
1655 673 1939 741 victoria
1976 669 2111 741 illa.

845 1127 934 1191 De
974 1125 1165 1209 graecis
1206 1135 1530 1191 auctoribus
1573 1135 1670 1210 qui
1700 1134 1908 1191 herbas
1944 1131 2275 1207 pinxerunt.

603 1337 721 1410 IV.
759 1345 1012 1418 ,Praeter
1052 1342 1178 1410 hos*
1216 1344 1415 1437 graeci
1458 1356 1762 1411 auctores
1811 1340 2153 1411 medicinae
2206 1332 2596 1430 prodidere,

505 1505 677 1577 ‘quos
730 1487 865 1554 suis
920 1484 1082 1556 locis
1141 1486 1447 1556 diximus.
1492 1491 1591 1557 Ex
1642 1487 1745 1554 his
1791 1489 2107 1556 Cratevas
2134 1536 2151 1570 ‚
2194 1478 2596 1574 DionysiuS,

415 1652 443 1671 ⁸
504 1629 978 1723 Metrodorus,
1031 1613 1285 1700 ratione
1335 1629 1810 1718 blandissima,
1860 1627 1976 1702 sed
2019 1652 2148 1721 qua
2197 1623 2366 1692 nihil
2414 1644 2598 1718 paene

509 1772 697 1864 aliud
717 1827 735 1862 ‚
770 1800 975 1869 quam
1010 1776 1109 1843 rei
1141 1773 1494 1843 difficultas
1530 1773 1964 1869 intelligatun
1996 1773 2275 1841 Pinxere
2306 1741 2605 1860 namque*¹

503 1915 752 2011 effigies
798 1903 1160 1985 herbarum
1183 1969 1202 1997 ‚
1251 1930 1454 2009 atque
1502 1916 1603 1983 ita'
1634 1915 2085 2007 subscripsere
2125 1910 2425 1980 effectuS.
2464 1911 2596 1978 Ve-

502 2087 654 2129 rum
692 2076 756 2129 et
791 2062 1054 2154 pictura
1093 2058 1290 2128 fallax
1331 2075 1431 2128 est
1456 2112 1474 2149 ‚
1513 2074 1582 2128 et
1620 2058 1956 2128 coloribus
1997 2071 2133 2125 tam
2184 2055 2593 2143 numerosiS,

501 2206 866 2300 praesertim
925 2205 995 2271 in
1052 2203 1497 2292 aemulationex
1534 2174 1790 2273 naturae
1820 2258 1839 2288 ‚
1898 2202 2185 2271 multum
2239 2200 2594 2295 degenerat

503 2350 1086 2437 transcribentium
1128 2374 1269 2418 sors
1307 2350 1506 2417 varia.
1542 2352 1869 2424 Praeterea
1904 2371 2140 2441 parum
2171 2358 2271 2424 est
2299 2341 2592 2438 singulas

503 2519 733 2563 earum
784 2482 1008 2563 aetates
1062 2495 1291 2589 pingi,
1346 2517 1556 2586 quum
1609 2478 2119 2586 quadripartitis
2163 2487 2591 2557 varietatibus

500 2640 659 2709 anni
698 2638 931 2709 faciem
970 2652 1251 2707 mutent.

844 2981 958 3051 Qui
994 2982 1168 3057 primi
1207 2984 1536 3038 Graecorum
1576 2981 1650 3038 de
1683 2981 1772 3036 his
1813 2981 2252 3055 composuerint.

598 3195 680 3262 V.
736 3192 967 3279 Quare
1014 3190 1217 3260 ceteri
1267 3215 1575 3259 sermone
1624 3216 1735 3260 eas
1788 3190 2127 3259 tradidere
2182 3215 2198 3256 ε
2254 3186 2467 3283 aliqui
2514 3213 2592 3256 ne

498 3334 719 3429 effigie
760 3333 1032 3427 quidem
1067 3333 1395 3421 indicata,
1430 3349 1498 3403 et
1535 3334 1736 3403 nudis
1776 3332 2171 3428 plerumque
2209 3333 2593 3401 nominibus

499 3478 829 3567 defuncti,
866 3458 1182 3574 quoniam
1215 3482 1373 3550 satis
1404 3481 1756 3549 videbatur
1788 3495 2148 3575 potestates
2176 3445 2449 3573 vimque
2482 3479 2591 3547 de-

497 3639 872 3709 monstrare
905 3650 1201 3719 quaerere
1239 3625 1643 3699 volentibus
1673 3628 1820 3695 Nec
1855 3639 1954 3694 est
1982 3622 2258 3694 difficile
2292 3627 2589 3720 cognitu.

497 3769 713 3841 Nobis
756 3783 938 3838 certe
965 3819 985 3855 ‚
1028 3770 1318 3862 exceptis
1367 3768 1738 3838 admodum
1785 3768 2057 3863 pauciS‚
2105 3770 2390 3863 contigit
2422 3743 2588 3837 ⁸reli-

496 3937 661 4004 quas
692 3909 1142 4007 contemplari
1181 3913 1457 3981 scientia
1499 3914 1779 3983 Antonii
1814 3914 2110 3984 Castoris
2131 3966 2150 4001 ,
2186 3914 2298 3982 cui
2336 3939 2593 3982 summa

493 4056 855 4139 auctoritas
896 4069 1038 4123 erat
1084 4055 1153 4122 in
1195 4079 1273 4123 ea
1315 4069 1458 4123 arte
1503 4069 1731 4125 nostro
1777 4080 1916 4124 aevo
1942 4107 1962 4139 ‚
2003 4055 2276 4125 visendo
2320 4054 2585 4126 hortulo
