2846 4869
521 434 629 492 132
951 438 1015 496 C.
1055 439 1286 495 PLlNII
1325 438 1521 494 HIST.
1567 437 1743 493 NAT.
1787 436 1926 492 LIB.
1952 434 2173 493 XXIV.

517 563 724 660 aliqui
759 591 898 637 esse
930 566 1194 657 dicunt,
1231 565 1344 638 alii
1381 564 1664 637 similem
1699 564 1831 657 illi,
1862 592 2066 661 quam
2097 565 2460 637 militarem
2495 594 2609 637 vo·

519 726 713 798 cant,
755 685 1091 810 ‘quoniam‘
1120 699 1366 782 vulnus
1407 711 1585 782 ferro
1630 711 1921 801 factum,
1961 710 2222 781 nullum
2258 737 2395 781 non
2438 715 2610 783 intra

521 854 658 926 dies
689 856 986 951 quinque
1020 871 1249 946 sanat,
1288 881 1367 925 ex
1408 854 1559 925 oleo
1597 856 1928 951 imposita.

1329 1300 1645 1359 'stratiotes
1658 1341 1675 1372 ,
1718 1319 1771 1355 v.

617 1467 759 1565 CV.
794 1461 1186 1534 celebratur
1218 1475 1447 1533 autem
1482 1476 1551 1531 et
1586 1486 1627 1532 a
1660 1461 1913 1531 Graeeis
1947 1421 2279 1530 stratiotes
2301 1512 2321 1548 ,
2366 1458 2489 1528 sed
2537 1482 2610 1528 ea

522 1608 589 1675 in
634 1609 924 1704 AEgypto
973 1618 1236 1698 tantum
1277 1619 1345 1674 et
1394 1591 1834 1673 inundatione
1875 1602 2013 1675 Nili
2051 1606 2380 1691 nascitur,
2423 1604 2648 1712 aizoo!

519 1749 780 1840 similis,
806 1751 876 1819 ni
916 1751 1173 1844 majora
1204 1750 1484 1819 haberet
1515 1746 1692 1817 folia.
1727 1747 2102 1852 Refrigerat
2134 1750 2337 1837 mire,
2371 1765 2441 1818 et
2472 1746 2610 1816 vul·

519 1919 675 1964 nera
708 1908 902 1964 sanat
938 1919 1019 1963 ex
1057 1907 1242 1964 aceto
1278 1891 1469 1962 illita.
1503 1895 1672 1996 Item
1713 1893 1900 1989 ignes
1938 1918 2160 1988 sacros
2182 1945 2201 1982 ,
2243 1918 2321 1963 ac
2360 1918 2610 1988 suppu-

519 1995 829 2109 rationes,
863 2040 1279 2133 Sanguinem
1308 2019 1577 2133 qaoque
1613 2040 1728 2133 qui
1762 2037 1996 2109 defluit
2028 2064 2066 2109 a
2103 2024 2422 2129 rehibu8‚
2456 2052 2609 2134 pota

517 2201 671 2253 cum
705 2183 903 2251 thure
945 2179 1243 2252 masculo
1279 2181 1559 2251 mirifice
1601 2185 1793 2253 sistit.

1127 2456 1323 2513 Herba
1356 2455 1430 2511 de
1470 2455 1653 2529 capite
1691 2434 1910 2526 statua&
1942 2474 1984 2513 1.
2005 2504 2020 2519 x

606 2619 792 2719 CVI.
842 2640 949 2713 19.
995 2615 1221 2686 Herba
1263 2618 1334 2686 iu
1385 2617 1604 2710 capite
1653 2630 1894 2685 statua}
1940 2630 2098 2686 nata
2121 2634 2150 2701 ‚‘
2195 2614 2602 2710 collectaque

519 2759 799 2855 alicujus
847 2761 917 2830 in
956 2757 1156 2830 veetis
1195 2786 1451 2855 pann0,
1488 2777 1556 2831 et
1601 2760 1857 2857 illigata
1899 2762 1971 2831 in
2010 2760 2152 2831 lino
2190 2761 2348 2832 rufo
2373 2816 2392 2851 ‚
2437 2762 2607 2856 capi-

522 2907 604 2975 tis
637 2901 938 2975 dolorem
977 2902 1330 2992 confestim
1369 2904 1600 2976 sedare
1640 2906 1947 2976 traditur.

1052 3062 1091 3095 ”³
1154 3067 1375 3166 ‘Herba
1410 3108 1484 3165 de
1509 3106 1868 3181 fluminibus,
1901 3129 1946 3168 1.

516 3252 523 3261 ⁰
618 3270 827 3338 CVII.
865 3268 1090 3339 Herba
1124 3292 1562 3362 quaecumque
1597 3292 1638 3338 a
1677 3269 1836 3338 rivis
1871 3280 1988 3338 aut
2021 3267 2416 3341 fluminibus
2452 3283 2604 3340 ante

510 3412 701 3516 'solis‘
727 3427 951 3483 ortum
980 3411 1313 3503 ‘collecta‚
1364 3414 1457 3482 ita
1505 3427 1582 3482 ut
1631 3436 1831 3482 nemo
1877 3411 2304 3510 colligentem
2343 3414 2607 3500 videat,

527 3555 1077 3652 adalligatallaevo
1111 3559 1422 3648 brachio,
1454 3560 1547 3627 ita
1585 3572 1869 3652 ut·aeger
1903 3557 2080 3653 quid'
2101 3559 2188 3630 sit
2220 3524 2388 3630 illud
2420 3563 2607 3657 igno·

525 3720 627 3775 ret
645 3757 665 3791 ,
697 3704 1011 3776 tertianas
1053 3729 1278 3775 arcere
1313 3703 1621 3773 traditur.

1297 3907 1493 3964 Herba
1526 3906 1718 3982 lingua
1735 3949 1754 3979 ‚
1789 3927 1829 3962 1.

535 4049 547 4173 L
626 4058 870 4166 cvm:
894 4069 1154 4163 Lingua
1184 4067 1389 4139 herba
1410 4067 1707 4138 nascitur
1734 4069 1911 4138 circa
1944 4065 2175 4139 fontes.
2212 4067 2426 4161 Radix
2455 4067 2596 4161 ejus
