2846 4869
502 335 638 427 '25⁸
973 368 1039 426 c„
1077 367 1308 434 emm
1347 365 1541 428 uls-r.
1580 366 1760 425 ΜΤ.
1803 367 1945 426 m.
1986 367 2170 426 xxv.

522 491 984 590 magnitudine
1014 489 1264 562 doloris
1301 493 1371 562 in
1405 490 1705 588 podagra
1741 506 2049 563 coactum
2071 544 2090 578 ‚
2118 515 2384 562 veneno
2416 517 2603 563 crura

527 637 921 733 perunxisse
939 688 959 726 ‚
998 651 1066 705 et
1102 651 1334 731 postea
1369 635 1661 707 caruisse
1698 659 1894 708 sensu
1934 636 2120 705 omni
2138 687 2159 725 ,
2194 660 2381 730 aeque
2411 661 2604 731 quam

519 783 753 854 dolore
793 785 865 853 in
905 809 983 853 ea
1020 797 1212 878 parte
1271 781 1593 877 corporis.
1644 778 1775 850 Sed
1815 806 1962 886 quae
2012 779 2141 850 fuit
2187 782 2377 850 venia
2424 806 2608 851 mon-

518 927 776 1001 strandi
798 981 818 1017 ,
868 954 1001 1023 qua
1047 941 1302 1004 mentes
1353 925 1814 1014 solverentur,
1876 940 2109 1026 partus
2164 924 2607 1016 eliderentur,

516 1074 862 1169 multaque
903 1070 1188 1144 similia?
1232 1074 1377 1166 Ego
1410 1094 1537 1142 nec
1574 1070 1874 1142 abortiva
1907 1069 2097 1159 dico,
2132 1094 2213 1142 ao
2245 1094 2332 1140 ne
2364 1086 2612 1142 amato-

520 1222 622 1292 ria
660 1218 930 1315 quidem
949 1269 970 1307 ,
1001 1240 1262 1286 memor
1288 1213 1647 1286 Lucullum
1677 1213 2145 1310 impertitorem
2177 1213 2610 1285 clarissimum

514 1365 843 1438 amatorio
895 1361 1216 1459 periisse:
1276 1385 1400 1432 nec
1452 1359 1584 1432 alia
1624 1361 1882 1460 magica
1921 1376 2275 1472 portenta,
2329 1363 2462 1432 nisi
2503 1362 2611 1431 ubi

512 1507 811 1594 cavenda
870 1519 1027 1580 sunt
1068 1520 1185 1580 aut
1230 1503 1656 1602 coarguenda
1680 1557 1702 1595 ,
1764 1504 1835 1578 in
1893 1506 2130 1601 primis
2188 1506 2322 1578 fide
2375 1533 2607 1580 eorum

512 1653 852 1726 damnem.
904 1651 1083 1723 Satis
1135 1674 1354 1746 operae
1404 1650 1534 1719 fuit
1570 1649 1969 1745 abundeque
2017 1652 2387 1747 paestitum
2427 1655 2608 1742 vitae,

512 1794 837 1866 salutares
880 1794 1121 1863 dixisse
1139 1845 1159 1880 ,
1203 1816 1283 1861 ac
1313 1806 1545 1887 postea
1585 1792 1910 1862 inventas.

1379 2661 1543 2738 Moly
1562 2702 1581 2734 ‚
1615 2680 1717 2719 111.

601 2850 786 2938 VIII.
830 2874 898 2957 4.
941 2869 1431 2947 Laudatissima
1464 2872 1826 2945 herbarum
1866 2850 2014 2960 est,
2046 2874 2344 2942 Homero
2385 2883 2593 2956 teste,

501 3036 705 3106 quam
753 3014 985 3085 vocari
1039 3038 1080 3082 a
1130 3011 1258 3087 diis
1298 3030 1504 3110 ‚putat
1552 3014 1734 3111 moly
1753 3067 1774 3106 ,
1826 3030 1893 3089 et
1946 3015 2408 3092 inventionem
2456 3015 2598 3109 ejus

498 3160 841 3228 Mercurio
870 3157 1185 3267 'adsignat
1205 3212 1224 3250 ,
1260 3175 1628 3256 contraque
1665 3185 1927 3231 summa
1954 3140 2278 3231 veneficia
2306 3159 2593 3229 demon-

499 3296 686 3370 strat.
731 3294 934 3372 Nasci
982 3326 1131 3372 eam
1177 3302 1376 3373 hodie
1427 3306 1606 3374 circa
1653 3303 2033 3411 Pheneum·²
2077 3317 2145 3377 et
2196 3304 2266 3371 in
2312 3300 2593 3400 Cyllene

496 3443 803 3517 Arcadiae
841 3445 1161 3537 tradunt,
1188 3448 1419 3544 specie·
1445 3446 1562 3521 illa
1599 3450 1994 3540 Homeriea,
2035 3446 2262 3535 radice
2295 3445 2591 3523 rotunda

496 3593 822 3689 nigraque
840 3645 861 3681 ,
893 3593 1371 3689 magnitudine
1392 3619 1618 3690 cepae,
1649 3593 1811 3666 folio
1839 3593 2091 3666 scillae:
2123 3591 2330 3663 effodi
2362 3607 2587 3662 autem

492 3732 870 3808 difficulter.
915 3739 1138 3808 Graeci
1180 3755 1488 3811 auctores
1529 3738 1764 3809 florem
1797 3739 1938 3833 ejus
1973 3737 2228 3809 luteum
2269 3739 2550 3861 pinxere
2568 3786 2588 3825 ,

491 3906 700 3980 quum
758 3889 1096 3955 Homerus
1149 3884 1508 3959 candidum
1565 3885 1923 3985 scripserit.
1976 3850 2213 3955 Inveni
2265 3908 2302 3952 e
2350 3882 2583 3981 peritis

490 4027 857 4101 herbarum
889 3992 1202 4119 medicis,
1256 4030 1375 4124 qui
1412 4044 1481 4103 et
1521 4030 1594 4105 iu
1631 4027 1826 4109 Italia
1877 4029 2061 4103 nasci
2100 4053 2252 4103 eam
2286 4027 2577 4116 diceret,
