2846 4869
452 449 564 508 116
896 448 958 503 C.
999 448 1233 503 PLINII
1274 448 1468 504 HIST.
1513 446 1686 503 NAT.
1730 449 1869 503 LIB.
1904 448 2118 504 XXIV.

450 579 545 647 cis
602 576 932 646 drachmae
990 573 1138 686 dua}
1198 577 1268 643 in
1329 574 1474 674 yini
1535 575 1788 669 cyathis
1854 573 2118 646 duobus
2178 574 2549 645 sufficiunt.

451 719 705 791 Eadem
744 718 970 813 potio,
1014 719 1069 787 si
1119 743 1159 786 a
1205 731 1404 811 partu
1457 742 1594 786 non
1636 733 2055 811 purgantur,
2105 732 2173 787 et
2220 718 2555 787 secundas

458 865 680 934 trahit.
719 864 1156 958 Hippocrates
1203 876 1270 930 et
1318 859 1606 930 radicem
1659 861 1871 954 ipsam
1908 860 2240 956 adposuit.
2291 864 2554 933 Dicunt

426 1011 524 1079 'et
576 1009 657 1116 iu³
706 971 1082 1103 pestilentia
1136 1003 1494 1075 salutarem
1552 1029 1692 1073 esse
1753 1005 1823 1073 in
1884 1005 2070 1074 cibis.
2132 1005 2588 1075 Ebrietatem‘

459 1153 748 1222 discutit.
804 1154 1159 1245 Serpentes
1214 1150 1450 1220 nidore
1471 1202 1489 1238 ‚
1540 1175 1750 1243 quum
1796 1165 2158 1239 crematur,
2202 1152 2558 1245 privatim-

374 1333 375 1336 *
460 1322 589 1393 que
629 1295 890 1391 aspidas
924 1295 1112 1390 fugat
1134 1347 1153 1380 ,
1195 1310 1315 1364 aut
1353 1281 1682 1380 inebriat,
1719 1281 1824 1363 ita·
1856 1308 1933 1363 ut
1980 1309 2316 1389 torpentes
2358 1297 2558 1366 inve·

459 1445 753 1512 niantur.
803 1445 1167 1510 Perunctos
1220 1464 1488 1533 quoque
1538 1463 1658 1508 aro
1700 1464 1736 1507 e
1786 1436 2013 1509 laureo
2063 1435 2215 1509 olei)
2251 1440 2551 1536 fugiunt.

460 1586 624 1656 Ideo
676 1566 742 1654 et
794 1598 1028 1654 contra
1086 1547 1256 1653 ictus
1312 1582 1465 1652 dari
1516 1599 1682 1677 potu
1734 1585 1803 1651 in
1855 1583 2014 1652 vino
2059 1584 2254 1679 nigro
2304 1598 2556 1679 putant

463 1729 645 1800 utile.
686 1732 769 1800 In
808 1727 982 1798 foliis
1022 1728 1122 1797 ari
1162 1750 1389 1796 caseus
1428 1728 1679 1821 optime
1718 1728 1967 1797 servari
2006 1726 2314 1796 traditur.

1196 2423 1285 2478 De
1321 2422 1666 2480 dracunculo
1685 2465 1702 2494 ‚
1740 2444 1807 2480 11.

565 2633 810 2702 XCIII.
835 2632 1342 2720 Dracunculus,
1362 2658 1562 2728 quem
1591 2633 1757 2723 dixi,
1777 2630 2036 2703 hordeo
2062 2648 2558 2703 maturescente

470 2775 814 2863 effoditur,
861 2777 1020 2863 luna
1073 2794 1429 2849 crescente.
1476 2781 1772 2850 Omnino
1810 2780 2166 2849 habentem
2214 2782 2557 2873 serpentes

466 2921 757 3017 fugiunt.
781 2921 944 2990 Ideo
981 2924 1307 3017 percussis
1338 2924 1653 3018 prodesse
1678 2927 1745 2994 in
1774 2939 1940 3019 potu
1967 2925 2160 2994 aiunt
2186 2923 2514 3018 majorem
2542 2949 2558 2992 t

469 3078 547 3132 ut
594 3079 662 3133 et
704 3088 963 3134 menses
985 3115 1004 3152 ‚
1058 3065 1113 3133 si
1161 3065 1340 3135 ferro
1389 3093 1527 3137 non
1581 3068 1990 3164 attingatur,
2041 3068 2248 3137 sistat.
2299 3068 2560 3135 Succus

471 3206 612 3299 ejus
649 3220 715 3276 et
750 3207 1015 3277 aurium
1051 3205 1279 3276 dolori·
1302 3207 1594 3302 prodest.

568 3521 648 3589 Id
698 3537 951 3593 autem·
982 3523 1163 3618 quod
1218 3527 1437 3593 Graeci
1502 3524 1900 3597 dracontion
1957 3540 2201 3598 vocant
2229 3578 2249 3616 ,
2306 3523 2557 3620 triplici

476 3664 694 3761 effigie
745 3664 1276 3738 demonstratum
1325 3669 1490 3738 mihi
1538 3685 1636 3738 est
1676 3695 1692 3737 ε
1737 3669 1912 3740 foliis
1968 3670 2133 3740 bet'ae
2155 3721 2174 3758 ‚
2224 3694 2358 3737 non
2410 3671 2555 3738 sine

473 3810 745 3905 thyrso,
787 3810 951 3879 flore
985 3835 1345 3905 purpure0.
1382 3813 1528 3881 Hoc
1564 3828 1664 3881 est
1704 3811 1918 3883 simile
1966 3810 2103 3883 arn.
2154 3811 2286 3883 Alii
2331 3812 2557 3883 radice

474 3952 712 4049 longa,
741 3952 945 4022 veluti
976 3953 1230 4048 signata
1264 3948 1779 4055 articulosaque,
1812 3972 2262 4027 monstravere
2290 3983 2306 4025 ε
2338 3956 2552 4025 tribus

474 4100 754 4170 omnino
799 4097 1140 4169 cauliculis
1183 4124 1198 4168 z
1247 4099 1404 4168 folia
1453 4101 1594 4194 ejus
1641 4127 1721 4172 ex
1767 4117 1952 4173 aceto
1999 4102 2279 4196 decoqui
2315 4116 2543 4172 contra
