2846 4869
522 398 630 454 126
947 399 1285 488 C.PL1N11
1325 398 1517 455 HIST.
1559 399 1730 454 NAT.
1773 400 1911 454 LIB.
1938 397 2151 455 XXIV.

518 525 743 595 electri
779 525 919 594 sine
960 524 1157 614 folin,
1196 526 1379 594 nasci
1410 525 1484 593 in
1516 523 1945 595 Taradastilis
1971 525 2179 593 Indiae
2211 551 2226 593 ε
2267 527 2457 619 cujus
2496 550 2615 593 ra-

518 671 664 739 dice
697 672 768 739 in
807 658 1106 765 pastillos
1144 669 1440 766 digesta,
1472 672 1550 764 .i.¹¹
1594 670 1834 764 dieque
1874 685 2034 766 pota
2072 670 2141 737 in
2183 672 2380 773 vino,
2424 671 2617 738 noxii

516 839 638 911 per
678 817 1016 886 cruciatus
1050 828 1247 884 nocte
1275 814 1728 885 confiteantur
1769 818 1998 885 omnia
2020 867 2040 905 ,
2069 835 2193 909 per
2234 814 2450 884 varias
2483 840 2616 882 nu-

517 961 774 1029 minum
811 959 1344 1053 imaginationes,
1374 958 1699 1029 Eamdem
1726 958 2250 1054 hippophobada
2287 957 2616 1052 appellat,

519 1106 836 1198 quoniam
861 1128 1047 1197 equae
1072 1106 1402 1199 praecipue
1436 1119 1711 1173 caveant
1742 1127 1908 1173 eam.
1923 1099 2445 1173 Theombrotion
2473 1130 2618 1172 xxx

518 1252 804 1320 schoenis
863 1276 900 1318 a
959 1251 1263 1345 Choaspe
1314 1253 1498 1319 nasci
1526 1303 1544 1339 ,
1603 1251 1883 1344 pavonis
1944 1251 2221 1345 picturis
2278 1245 2563 1318 similem
2595 1302 2616 1334 ‚

519 1391 723 1495 odore
764 1393 1027 1461 eximio,
1076 1396 1267 1461 Hanc
1308 1406 1535 1461 autem
1575 1416 1614 1460 a
1647 1366 1921 1487 regibus·
1952 1396 2308 1461 Persarum
2346 1390 2616 1461 comedi

515 1552 630 1605 aut
672 1537 810 1604 bibi
847 1552 1082 1606 contra
1118 1539 1346 1606 omnia
1389 1559 1750 1631 corporum
1784 1536 2205 1607 incommoda
2230 1591 2248 1624 ‚
2281 1537 2614 1607 instabili·

516 1696 851 1775 tatemque
879 1684 1150 1766 mentiS‚
1177 1681 1481 1750 eamdem
1523 1683 1826 1752 semnion
1856 1707 1896 1750 a
1920 1684 2237 1776 potentiae
2264 1684 2610 1777 majestate

513 1825 858 1921 appellari.
898 1825 1114 1897 Aliam
1157 1825 1398 1895 deinde
1446 1825 1872 1898 adamantida
1898 1880 1916 1916 ‚
1962 1829 2296 1898 Armeniae
2336 1830 2608 1922 Cappa-

516 1974 856 2069 dociaeque
886 1973 1255 2044 alumnam.
1289 1979 1431 2043 Hac
1471 1974 1738 2045 admota
1769 1974 1993 2044 leones
2035 1976 2410 2069 resupinari
2447 2001 2608 2044 cum

512 2122 699 2189 hiatu
732 2117 901 2188 laxo.
935 2121 1241 2190 Nominis
1273 2141 1541 2189 causam
1574 2126 1749 2206 esse,
1780 2121 1963 2215 quod
1997 2122 2253 2190 conteri
2288 2135 2599 2214 nequeat.
2679 2131 2682 2136 ⁴

517 2265 899 2336 Arianidem
957 2267 1024 2334 in
1074 2267 1342 2372 Arianis
1394 2266 1618 2361 gigni,
1675 2268 1936 2361 igneam
1996 2264 2217 2335 colore
2262 2263 2550 2372 :colligi
2575 2319 2598 2355 2

512 2436 720 2505 quum
759 2407 856 2480 sol
893 2410 961 2486 in
997 2412 1222 2480 Leone
1261 2411 1367 2480 sit.
1411 2412 1627 2505 Hujus
1655 2425 1842 2497 tactu
1875 2409 2202 2505 peruncta
2227 2408 2376 2480 oleo
2414 2407 2601 2506 ligna

508 2554 801 2626 accendi.

596 2854 1061 2961 >Therionarca
1103 2892 1175 2958 in
1216 2890 1642 2985 Cappadocia
1678 2906 1746 2960 et
1796 2893 2012 2985 Mysia
2065 2909 2372 2962 nascente
2392 2935 2421 2981 ,·
2447 2917 2596 2962 om-

513 3058 628 3102 nes
681 3033 852 3102 feras
901 3047 1277 3127 torpescere
1302 3085 1320 3121 ‚
1373 3059 1497 3103 nec
1541 3036 1667 3103 nisi
1710 3035 1956 3128 hyaenae
2008 3038 2217 3103 urinae
2274 3035 2593 3130 adspersu

513 3185 816 3251 recreari.
864 3166 1246 3287 AEthiopida
1292 3181 1360 3248 in
1401 3182 1641 3272 Meroe·
1673 3182 1874 3250 nasci.
1924 3181 2034 3251 Oh
2074 3179 2141 3248 id
2183 3195 2251 3248 et
2299 3172 2595 3250 meroida

513 3318 872 3422 appellari,
899 3312 1067 3395 ¹folio
1096 3324 1422 3412 lactucoe,
1441 3323 2280 3418 hydropicisutilissimam
2307 3351 2348 3394 e
2365 3326 2595 3395 mulso

512 3487 760 3568 potam.
817 3471 1192 3566 Ophiusam
1242 3472 1314 3538 in
1366 3468 1809 3563 Elephantine
1858 3468 2154 3563 ejusdem
2203 3470 2558 3566 AEthiopiae
2578 3524 2596 3553 ‚

512 3617 828 3705 iividam,
868 3613 1338 3710 difficilemque
1363 3612 1651 3710 'aspectu
1675 3608 1867 3708 {qua
1907 3626 2067 3709 pota
2099 3631 2426 3685 terrorem
2478 3620 2597 3685 mi·

510 3789 765 3858 nasque
814 3762 1226 3859 serpentium
1285 3761 1672 3848 obversari,
1728 3761 1820 3828 ita
1877 3775 1950 3828 ut
2004 3775 2281 3829 mortem
2336 3762 2461 3837 sibi
2519 3786 2594 3831 eo

512 3924 694 3980 metu
733 3888 1147 3982 consciscant
1192 3931 1206 3973 z
1252 3906 1340 3973 ob
1385 3905 1456 3973 id
1498 3906 1650 4001 cogi
1699 3904 2076 4001 sacrilegos,
2108 3903 2290 3975 illam
2344 3906 2591 3976 bibere.

518 4053 870 4124 Adversari
904 4066 1128 4121 autem
1166 4053 1224 4118 ei
1266 4048 1602 4145 palmeum
1632 4051 1884 4121 vinum.
1916 4050 2385 4147 Thalassegien
2423 4056 2596 4123 circa
