2846 4869
423 370 533 430 136
849 373 913 430 C.
955 374 1193 432 PLINH
1231 374 1423 441 HIST.
1470 375 1641 434 NAT.
1682 376 1825 433 LIB.
1859 376 2073 433 XXIV.

420 514 543 568 ter.
567 497 922 578 Efficacius
951 502 1315 577 remedium
1342 527 1487 574 esse
1512 502 1734 591 aiunt,
1762 503 1814 571 si
1839 516 1974 572 tres
2002 525 2286 597 quoque
2315 499 2531 570 trium

424 642 772 723 nationum
809 645 1110 715 homines
1149 659 1528 741 perungant
1565 646 1971 716 dextrorsus

1315 1049 1496 1125 Impia
1511 1091 1528 1120 ,
1569 1068 1639 1132 pt.

525 1224 770 1293 CXIII.
840 1223 1062 1294 Herba
1126 1225 1330 1322 impia
1389 1240 1671 1295 vocatur
1734 1224 1973 1295 incana
2004 1277 2024 1313 ,
2095 1223 2530 1293 rorismarini

433 1382 700 1463 aspectu
723 1421 742 1452 ,
791 1368 1002 1462 thyrsi
1041 1369 1244 1440 modo
1292 1349 1527 1444 vestita
1576 1382 1780 1463 atque
1830 1370 2140 1463 capitata.
2195 1368 2375 1438 Inde
2419 1366 2536 1440 alii

434 1512 675 1583 ramuli
717 1529 1087 1610 exsurgunt
1123 1541 1241 1585 sua
1283 1503 1577 1609 capitula
1617 1529 1926 1610 gerentes
1959 1538 1975 1582 ε
2008 1512 2097 1584 ob
2135 1512 2204 1583 id
2247 1513 2536 1607 impiam

435 1656 853 1753 appellavere
875 1711 894 1747 ,
935 1660 1253 1754 quoniam
1292 1658 1486 1730 liberi
1532 1684 1732 1757 super
1777 1674 2125 1756 parentem
2167 1658 2533 1732 excellant.

435 1799 568 1872 Alii
621 1805 846 1897 potius
893 1805 984 1873 ita
1039 1801 1441 1899 appellatam
1462 1856 1482 1893 ,
1535 1802 1718 1898 quod
1767 1801 2337 1874 nullum-animal
2386 1826 2535 1872 eam

435 1946 780 2048 adtingat,
840 1948 1320 2017 existimavere.
1379 1951 1542 2018 Haec
1597 1948 1774 2018 inter
1829 1948 1998 2019 duos
2060 1946 2320 2043 lapides
2378 1947 2534 2016 trita

435 2092 648 2162 fervet
671 2145 692 2180 ‚
730 2093 1067 2187 praecipuo
1105 2092 1419 2163 adversus
1458 2091 1736 2190 anginas
1773 2117 1973 2163 succo
1993 2146 2012 2183 ,
2046 2090 2219 2164 lacte
2261 2107 2333 2163 et
2372 2093 2531 2161 vino

440 2236 759 2344 admixto,
788 2201 1058 2306 *Mirum
1095 2237 1408 2329 traditur,
1441 2263 1809 2333 numquam
1845 2239 1933 2314 ab
1966 2264 2075 2330 eu⁸
2095 2240 2344 2309 morbo
2385 2253 2530 2306 ten-

438 2382 568 2451 tari
618 2382 735 2476 qui
787 2384 1222 2479 gustaverint.
1282 2387 1519 2491 Itaque
1573 2399 1641 2459 et
1692 2385 1920 2455 suibus
1973 2384 2119 2456 dari
2173 2410 2191 2455 z
2252 2406 2531 2480 quaeque

436 2525 993 2632 medicamentum
1046 2528 1114 2597 id
1168 2528 1505 2599 noluerint
1555 2530 1825 2599 haurire
1847 2532 1871 2618 ',
1924 2556 2004 2600 eo
2061 2531 2303 2600 morbo
2358 2531 2525 2599 inte-

372 2746 383 2757 ,
438 2675 612 2743 rimi.
653 2677 825 2745 Sunt
863 2663 989 2769 qui'
1030 2692 1097 2745 et
1145 2677 1215 2747 in
1262 2676 1510 2745 avium·
1537 2675 1711 2745 nidis
1762 2677 1963 2746 inseri
2011 2675 2280 2774 ‘aliquid
2328 2701 2409 2746 ex
2453 2698 2526 2743 ea

438 2837 715 2917 putent,
755 2837 957 2916 atque
996 2823 1090 2891 ita
1133 2847 1271 2892 non
1313 2820 1716 2916 strangulari
1753 2820 1975 2918 pullos
2010 2814 2274 2893 avidius
2319 2822 2525 2890 devo-

437 2974 679 3038 rantes.

1070 3172 1077 3177 —
1183 3113 1425 3196 Veneris
1455 3147 1698 3213 pectem*
1733 3157 1774 3193 1.
1843 3198 1851 3203 ,

532 3323 772 3394 CXIV.
837 3317 1119 3389 Veneris
1178 3315 1509 3412 pectinem
1571 3308 1911 3409 appellant
1975 3338 2014 3382 a
2085 3304 2521 3384 similitudine

434 3468 813 3566 pent-inum,
852 3464 1044 3561 cujus
1076 3463 1268 3559 radix
1303 3456 1474 3534 cum'
1500 3456 1717 3535 malva
1754 3474 1945 3550 tusa,
1986 3461 2216 3530 omnia
2256 3448 2518 3551 corpori

439 3612 643 3682 infixa
676 3590 997 3680 extrahit.
1378 3598 1381 3603 ’

928 3932 937 3941 Ι
992 3845 999 3851 ’
1070 3851 1358 3921 Exedum,
1402 3849 1523 3907 sive
1554 3847 1767 3937 nedia,
1803 3867 1879 3903 11.

452 4020 453 4023 Ἴ
504 4045 738 4114 CXV.
782 4046 1079 4112 Veterno
1112 4036 1388 4126 liberat,
1440 4059 1587 4128 quae
1629 4014 1930 4121 egedum‘
1959 4048 2272 4121 vocatur,
2319 4026 2508 4101 nodia
